0
IMBI
"[{'fiscalDateEnding': '2020-02-29', 'reportedCurrency': 'USD', 'totalRevenue': '501822000', 'totalOperatingExpense': '545181000', 'costOfRevenue': '338185000', 'grossProfit': '163637000', 'ebit': '-40494000', 'netIncome': '-56296000', 'researchAndDevelopment': 'None', 'effectOfAccountingCharges': 'None', 'incomeBeforeTax': '-56285000', 'minorityInterest': 'None', 'sellingGeneralAdministrative': '198939000', 'otherNonOperatingIncome': '17000', 'operatingIncome': '-43359000', 'otherOperatingExpense': '10798000', 'interestExpense': '3777000', 'taxProvision': '11000', 'interestIncome': '17000', 'netInterestIncome': '-3760000', 'extraordinaryItems': 'None', 'nonRecurring': '9166000', 'otherItems': 'None', 'incomeTaxExpense': '11000', 'totalOtherIncomeExpense': '-9166000', 'discontinuedOperations': 'None', 'netIncomeFromContinuingOperations': '-56296000', 'netIncomeApplicableToCommonShares': '-56296000', 'preferredStockAndOtherAdjustments': 'None'}, {'fiscalDateEnding': '2020-02-01', 'reportedCurrency': 'USD', 'totalRevenue': '501822000', 'totalOperatingExpense': '545181000', 'costOfRevenue': '338185000', 'grossProfit': '163637000', 'ebit': '-40494000', 'netIncome': '-56296000', 'researchAndDevelopment': 'None', 'effectOfAccountingCharges': 'None', 'incomeBeforeTax': '-56285000', 'minorityInterest': 'None', 'sellingGeneralAdministrative': '198939000', 'otherNonOperatingIncome': 'None', 'operatingIncome': '-43359000', 'otherOperatingExpense': 'None', 'interestExpense': '3777000', 'taxProvision': '11000', 'interestIncome': '17000', 'netInterestIncome': '-3760000', 'extraordinaryItems': 'None', 'nonRecurring': 'None', 'otherItems': 'None', 'incomeTaxExpense': '11000', 'totalOtherIncomeExpense': '-9166000', 'discontinuedOperations': 'None', 'netIncomeFromContinuingOperations': '-56296000', 'netIncomeApplicableToCommonShares': '-56296000', 'preferredStockAndOtherAdjustments': 'None'}, {'fiscalDateEnding': '2019-02-28', 'reportedCurrency': 'USD', 'totalRevenue': '596637000', 'totalOperatingExpense': '615926000', 'costOfRevenue': '389790000', 'grossProfit': '206847000', 'ebit': '-8426000', 'netIncome': '-22157000', 'researchAndDevelopment': 'None', 'effectOfAccountingCharges': 'None', 'incomeBeforeTax': '-22092000', 'minorityInterest': 'None', 'sellingGeneralAdministrative': '219893000', 'otherNonOperatingIncome': '34000', 'operatingIncome': '-19289000', 'otherOperatingExpense': '5578000', 'interestExpense': '3502000', 'taxProvision': '65000', 'interestIncome': '34000', 'netInterestIncome': '-3468000', 'extraordinaryItems': 'None', 'nonRecurring': 'None', 'otherItems': 'None', 'incomeTaxExpense': '65000', 'totalOtherIncomeExpense': '665000', 'discontinuedOperations': 'None', 'netIncomeFromContinuingOperations': '-22157000', 'netIncomeApplicableToCommonShares': '-22157000', 'preferredStockAndOtherAdjustments': 'None'}, {'fiscalDateEnding': '2019-02-02', 'reportedCurrency': 'USD', 'totalRevenue': '596637000', 'totalOperatingExpense': '615926000', 'costOfRevenue': '389790000', 'grossProfit': '206847000', 'ebit': '-8426000', 'netIncome': '-22157000', 'researchAndDevelopment': 'None', 'effectOfAccountingCharges': 'None', 'incomeBeforeTax': '-22092000', 'minorityInterest': 'None', 'sellingGeneralAdministrative': '219893000', 'otherNonOperatingIncome': 'None', 'operatingIncome': '-19289000', 'otherOperatingExpense': 'None', 'interestExpense': '3502000', 'taxProvision': '65000', 'interestIncome': '34000', 'netInterestIncome': '-3468000', 'extraordinaryItems': 'None', 'nonRecurring': 'None', 'otherItems': 'None', 'incomeTaxExpense': '65000', 'totalOtherIncomeExpense': '665000', 'discontinuedOperations': 'None', 'netIncomeFromContinuingOperations': '-22157000', 'netIncomeApplicableToCommonShares': '-22157000', 'preferredStockAndOtherAdjustments': 'None'}, {'fiscalDateEnding': '2018-02-28', 'reportedCurrency': 'USD', 'totalRevenue': '648220000', 'totalOperatingExpense': '645549000', 'costOfRevenue': '413108000', 'grossProfit': '235112000', 'ebit': '12089000', 'netIncome': '143000', 'researchAndDevelopment': 'None', 'effectOfAccountingCharges': 'None', 'incomeBeforeTax': '-3302000', 'minorityInterest': 'None', 'sellingGeneralAdministrative': '226071000', 'otherNonOperatingIncome': 'None', 'operatingIncome': '2671000', 'otherOperatingExpense': 'None', 'interestExpense': '5084000', 'taxProvision': '-3445000', 'interestIncome': '17000', 'netInterestIncome': '-5067000', 'extraordinaryItems': 'None', 'nonRecurring': 'None', 'otherItems': 'None', 'incomeTaxExpense': '-3445000', 'totalOtherIncomeExpense': '-906000', 'discontinuedOperations': 'None', 'netIncomeFromContinuingOperations': '143000', 'netIncomeApplicableToCommonShares': '143000', 'preferredStockAndOtherAdjustments': 'None'}]"
"[{'fiscalDateEnding': '2020-05-31', 'reportedCurrency': 'USD', 'totalRevenue': '95834000', 'totalOperatingExpense': '41192000', 'costOfRevenue': '60277000', 'grossProfit': '35557000', 'ebit': '-5634000', 'netIncome': '-6828000', 'researchAndDevelopment': 'None', 'effectOfAccountingCharges': 'None', 'incomeBeforeTax': '-6813000', 'minorityInterest': 'None', 'sellingGeneralAdministrative': '39102000', 'otherNonOperatingIncome': '1000', 'operatingIncome': '-5635000', 'otherOperatingExpense': '1881000', 'interestExpense': '1179000', 'taxProvision': '15000', 'interestIncome': '0', 'netInterestIncome': '-1402000', 'extraordinaryItems': 'None', 'nonRecurring': '209000', 'otherItems': 'None', 'incomeTaxExpense': '15000', 'totalOtherIncomeExpense': 'None', 'discontinuedOperations': 'None', 'netIncomeFromContinuingOperations': '-6828000', 'netIncomeApplicableToCommonShares': '-6828000', 'preferredStockAndOtherAdjustments': 'None'}, {'fiscalDateEnding': '2020-05-02', 'reportedCurrency': 'USD', 'totalRevenue': '95834000', 'totalOperatingExpense': '101260000', 'costOfRevenue': '60277000', 'grossProfit': '35557000', 'ebit': '-2729000', 'netIncome': '-6828000', 'researchAndDevelopment': 'None', 'effectOfAccountingCharges': 'None', 'incomeBeforeTax': '-6813000', 'minorityInterest': 'None', 'sellingGeneralAdministrative': '39102000', 'otherNonOperatingIncome': 'None', 'operatingIncome': '-5426000', 'otherOperatingExpense': 'None', 'interestExpense': '1179000', 'taxProvision': '15000', 'interestIncome': '1000', 'netInterestIncome': '-1178000', 'extraordinaryItems': 'None', 'nonRecurring': 'None', 'otherItems': 'None', 'incomeTaxExpense': '15000', 'totalOtherIncomeExpense': '-209000', 'discontinuedOperations': 'None', 'netIncomeFromContinuingOperations': '-6828000', 'netIncomeApplicableToCommonShares': '-6828000', 'preferredStockAndOtherAdjustments': 'None'}, {'fiscalDateEnding': '2020-02-29', 'reportedCurrency': 'USD', 'totalRevenue': '95834000', 'totalOperatingExpense': '101260000', 'costOfRevenue': '60277000', 'grossProfit': '35557000', 'ebit': '-2729000', 'netIncome': '-6828000', 'researchAndDevelopment': 'None', 'effectOfAccountingCharges': 'None', 'incomeBeforeTax': '-6813000', 'minorityInterest': 'None', 'sellingGeneralAdministrative': '39102000', 'otherNonOperatingIncome': 'None', 'operatingIncome': '-5426000', 'otherOperatingExpense': 'None', 'interestExpense': '1179000', 'taxProvision': '15000', 'interestIncome': '1000', 'netInterestIncome': '-1178000', 'extraordinaryItems': 'None', 'nonRecurring': 'None', 'otherItems': 'None', 'incomeTaxExpense': '-33000', 'totalOtherIncomeExpense': '-209000', 'discontinuedOperations': 'None', 'netIncomeFromContinuingOperations': '-6828000', 'netIncomeApplicableToCommonShares': '-18388000', 'preferredStockAndOtherAdjustments': 'None'}, {'fiscalDateEnding': '2020-02-01', 'reportedCurrency': 'USD', 'totalRevenue': '123639000', 'totalOperatingExpense': '138408000', 'costOfRevenue': '86607000', 'grossProfit': '37032000', 'ebit': '-14430000', 'netIncome': '-18388000', 'researchAndDevelopment': 'None', 'effectOfAccountingCharges': 'None', 'incomeBeforeTax': '-18421000', 'minorityInterest': 'None', 'sellingGeneralAdministrative': '49978000', 'otherNonOperatingIncome': 'None', 'operatingIncome': '-14769000', 'otherOperatingExpense': 'None', 'interestExpense': '1169000', 'taxProvision': '-33000', 'interestIncome': '2000', 'netInterestIncome': '-1167000', 'extraordinaryItems': 'None', 'nonRecurring': 'None', 'otherItems': 'None', 'incomeTaxExpense': '-33000', 'totalOtherIncomeExpense': '-2485000', 'discontinuedOperations': 'None', 'netIncomeFromContinuingOperations': '-18388000', 'netIncomeApplicableToCommonShares': '-18388000', 'preferredStockAndOtherAdjustments': 'None'}, {'fiscalDateEnding': '2019-11-30', 'reportedCurrency': 'USD', 'totalRevenue': '123639000', 'totalOperatingExpense': '138408000', 'costOfRevenue': '86607000', 'grossProfit': '37032000', 'ebit': '-14430000', 'netIncome': '-18388000', 'researchAndDevelopment': 'None', 'effectOfAccountingCharges': 'None', 'incomeBeforeTax': '-18421000', 'minorityInterest': 'None', 'sellingGeneralAdministrative': '49978000', 'otherNonOperatingIncome': 'None', 'operatingIncome': '-14769000', 'otherOperatingExpense': 'None', 'interestExpense': '1169000', 'taxProvision': '-33000', 'interestIncome': '2000', 'netInterestIncome': '-1167000', 'extraordinaryItems': 'None', 'nonRecurring': 'None', 'otherItems': 'None', 'incomeTaxExpense': '14000', 'totalOtherIncomeExpense': '-2485000', 'discontinuedOperations': 'None', 'netIncomeFromContinuingOperations': '-18388000', 'netIncomeApplicableToCommonShares': '-6741000', 'preferredStockAndOtherAdjustments': 'None'}, {'fiscalDateEnding': '2019-11-02', 'reportedCurrency': 'USD', 'totalRevenue': '115159000', 'totalOperatingExpense': '119460000', 'costOfRevenue': '73573000', 'grossProfit': '41586000', 'ebit': '-2761000', 'netIncome': '-6741000', 'researchAndDevelopment': 'None', 'effectOfAccountingCharges': 'None', 'incomeBeforeTax': '-6727000', 'minorityInterest': 'None', 'sellingGeneralAdministrative': '43834000', 'otherNonOperatingIncome': 'None', 'operatingIncome': '-4301000', 'otherOperatingExpense': 'None', 'interestExpense': '914000', 'taxProvision': '14000', 'interestIncome': '4000', 'netInterestIncome': '-910000', 'extraordinaryItems': 'None', 'nonRecurring': 'None', 'otherItems': 'None', 'incomeTaxExpense': '14000', 'totalOtherIncomeExpense': '-1516000', 'discontinuedOperations': 'None', 'netIncomeFromContinuingOperations': '-6741000', 'netIncomeApplicableToCommonShares': '-6741000', 'preferredStockAndOtherAdjustments': 'None'}, {'fiscalDateEnding': '2019-08-31', 'reportedCurrency': 'USD', 'totalRevenue': '115159000', 'totalOperatingExpense': '119460000', 'costOfRevenue': '73573000', 'grossProfit': '41586000', 'ebit': '-2761000', 'netIncome': '-6741000', 'researchAndDevelopment': 'None', 'effectOfAccountingCharges': 'None', 'incomeBeforeTax': '-6727000', 'minorityInterest': 'None', 'sellingGeneralAdministrative': '43834000', 'otherNonOperatingIncome': '6000', 'operatingIncome': '-4301000', 'otherOperatingExpense': '2502000', 'interestExpense': '914000', 'taxProvision': '14000', 'interestIncome': '4000', 'netInterestIncome': '-910000', 'extraordinaryItems': 'None', 'nonRecurring': '5165000', 'otherItems': 'None', 'incomeTaxExpense': '15000', 'totalOtherIncomeExpense': '-1516000', 'discontinuedOperations': 'None', 'netIncomeFromContinuingOperations': '-6741000', 'netIncomeApplicableToCommonShares': '-10177000', 'preferredStockAndOtherAdjustments': 'None'}, {'fiscalDateEnding': '2019-08-03', 'reportedCurrency': 'USD', 'totalRevenue': '131503000', 'totalOperatingExpense': '135642000', 'costOfRevenue': '83777000', 'grossProfit': '47726000', 'ebit': '-5787000', 'netIncome': '-10177000', 'researchAndDevelopment': 'None', 'effectOfAccountingCharges': 'None', 'incomeBeforeTax': '-10162000', 'minorityInterest': 'None', 'sellingGeneralAdministrative': '49363000', 'otherNonOperatingIncome': 'None', 'operatingIncome': '-4139000', 'otherOperatingExpense': 'None', 'interestExpense': '864000', 'taxProvision': '15000', 'interestIncome': '6000', 'netInterestIncome': '-858000', 'extraordinaryItems': 'None', 'nonRecurring': 'None', 'otherItems': 'None', 'incomeTaxExpense': '15000', 'totalOtherIncomeExpense': '-5165000', 'discontinuedOperations': 'None', 'netIncomeFromContinuingOperations': '-10177000', 'netIncomeApplicableToCommonShares': '-10177000', 'preferredStockAndOtherAdjustments': 'None'}, {'fiscalDateEnding': '2019-05-31', 'reportedCurrency': 'USD', 'totalRevenue': '131503000', 'totalOperatingExpense': '135642000', 'costOfRevenue': '83777000', 'grossProfit': '47726000', 'ebit': '-5787000', 'netIncome': '-10177000', 'researchAndDevelopment': 'None', 'effectOfAccountingCharges': 'None', 'incomeBeforeTax': '-10162000', 'minorityInterest': 'None', 'sellingGeneralAdministrative': '49363000', 'otherNonOperatingIncome': '5000', 'operatingIncome': '-4139000', 'otherOperatingExpense': '1679000', 'interestExpense': '864000', 'taxProvision': '15000', 'interestIncome': '6000', 'netInterestIncome': '-858000', 'extraordinaryItems': 'None', 'nonRecurring': 'None', 'otherItems': 'None', 'incomeTaxExpense': '15000', 'totalOtherIncomeExpense': '-5165000', 'discontinuedOperations': 'None', 'netIncomeFromContinuingOperations': '-10177000', 'netIncomeApplicableToCommonShares': '-20990000', 'preferredStockAndOtherAdjustments': 'None'}, {'fiscalDateEnding': '2019-05-04', 'reportedCurrency': 'USD', 'totalRevenue': '131521000', 'totalOperatingExpense': '151671000', 'costOfRevenue': '94228000', 'grossProfit': '37293000', 'ebit': '-17516000', 'netIncome': '-20990000', 'researchAndDevelopment': 'None', 'effectOfAccountingCharges': 'None', 'incomeBeforeTax': '-20975000', 'minorityInterest': 'None', 'sellingGeneralAdministrative': '55764000', 'otherNonOperatingIncome': 'None', 'operatingIncome': '-20150000', 'otherOperatingExpense': 'None', 'interestExpense': '830000', 'taxProvision': '15000', 'interestIncome': '5000', 'netInterestIncome': '-825000', 'extraordinaryItems': 'None', 'nonRecurring': 'None', 'otherItems': 'None', 'incomeTaxExpense': '15000', 'totalOtherIncomeExpense': '-2856000', 'discontinuedOperations': 'None', 'netIncomeFromContinuingOperations': '-20990000', 'netIncomeApplicableToCommonShares': '-20990000', 'preferredStockAndOtherAdjustments': 'None'}, {'fiscalDateEnding': '2019-01-31', 'reportedCurrency': 'USD', 'totalRevenue': '157619000', 'totalOperatingExpense': '56396000', 'costOfRevenue': '111052000', 'grossProfit': '46567000', 'ebit': '-6661000', 'netIncome': '-9974000', 'researchAndDevelopment': 'None', 'effectOfAccountingCharges': 'None', 'incomeBeforeTax': '-9969000', 'minorityInterest': 'None', 'sellingGeneralAdministrative': '54173000', 'otherNonOperatingIncome': 'None', 'operatingIncome': '-9164000', 'otherOperatingExpense': 'None', 'interestExpense': '811000', 'taxProvision': '5000', 'interestIncome': 'None', 'netInterestIncome': 'None', 'extraordinaryItems': 'None', 'nonRecurring': 'None', 'otherItems': 'None', 'incomeTaxExpense': '5000', 'totalOtherIncomeExpense': '665000', 'discontinuedOperations': 'None', 'netIncomeFromContinuingOperations': '-9974000', 'netIncomeApplicableToCommonShares': '-9974000', 'preferredStockAndOtherAdjustments': 'None'}, {'fiscalDateEnding': '2018-11-03', 'reportedCurrency': 'USD', 'totalRevenue': '131714000', 'totalOperatingExpense': '139688000', 'costOfRevenue': '84559000', 'grossProfit': '47155000', 'ebit': '-7974000', 'netIncome': '-9157000', 'researchAndDevelopment': 'None', 'effectOfAccountingCharges': 'None', 'incomeBeforeTax': '-9137000', 'minorityInterest': 'None', 'sellingGeneralAdministrative': '53542000', 'otherNonOperatingIncome': 'None', 'operatingIncome': '-7974000', 'otherOperatingExpense': 'None', 'interestExpense': '-767000', 'taxProvision': 'None', 'interestIncome': 'None', 'netInterestIncome': 'None', 'extraordinaryItems': 'None', 'nonRecurring': 'None', 'otherItems': 'None', 'incomeTaxExpense': '20000', 'totalOtherIncomeExpense': '-1163000', 'discontinuedOperations': 'None', 'netIncomeFromContinuingOperations': '-9157000', 'netIncomeApplicableToCommonShares': '-9157000', 'preferredStockAndOtherAdjustments': 'None'}, {'fiscalDateEnding': '2018-08-04', 'reportedCurrency': 'USD', 'totalRevenue': '150799000', 'totalOperatingExpense': '149930000', 'costOfRevenue': '93929000', 'grossProfit': '56870000', 'ebit': '869000', 'netIncome': '-40000', 'researchAndDevelopment': 'None', 'effectOfAccountingCharges': 'None', 'incomeBeforeTax': '-20000', 'minorityInterest': 'None', 'sellingGeneralAdministrative': '54479000', 'otherNonOperatingIncome': 'None', 'operatingIncome': '869000', 'otherOperatingExpense': 'None', 'interestExpense': '-898000', 'taxProvision': 'None', 'interestIncome': 'None', 'netInterestIncome': 'None', 'extraordinaryItems': 'None', 'nonRecurring': 'None', 'otherItems': 'None', 'incomeTaxExpense': '20000', 'totalOtherIncomeExpense': '-889000', 'discontinuedOperations': 'None', 'netIncomeFromContinuingOperations': '-40000', 'netIncomeApplicableToCommonShares': '-40000', 'preferredStockAndOtherAdjustments': 'None'}]"
