{"symbol": "ABMD", "annualReports": [{"fiscalDateEnding": "2020-03-31", "reportedCurrency": "USD", "totalRevenue": "840883000", "totalOperatingExpense": "440359000", "costOfRevenue": "151305000", "grossProfit": "689578000", "ebit": "256825000", "netIncome": "203009000", "researchAndDevelopment": "98759000", "effectOfAccountingCharges": "None", "incomeBeforeTax": "256825000", "minorityInterest": "None", "sellingGeneralAdministrative": "341600000", "otherNonOperatingIncome": "7606000", "operatingIncome": "249219000", "otherOperatingExpense": "None", "interestExpense": "None", "taxProvision": "53816000", "interestIncome": "12167500", "netInterestIncome": "None", "extraordinaryItems": "None", "nonRecurring": "None", "otherItems": "None", "incomeTaxExpense": "53816000", "totalOtherIncomeExpense": "7606000", "discontinuedOperations": "None", "netIncomeFromContinuingOperations": "203009000", "netIncomeApplicableToCommonShares": "203009000", "preferredStockAndOtherAdjustments": "None"}, {"fiscalDateEnding": "2019-03-31", "reportedCurrency": "USD", "totalRevenue": "769432000", "totalOperatingExpense": "415053000", "costOfRevenue": "129567000", "grossProfit": "639865000", "ebit": "263360000", "netIncome": "259016000", "researchAndDevelopment": "93503000", "effectOfAccountingCharges": "None", "incomeBeforeTax": "263360000", "minorityInterest": "None", "sellingGeneralAdministrative": "321550000", "otherNonOperatingIncome": "38548000", "operatingIncome": "224812000", "otherOperatingExpense": "None", "interestExpense": "None", "taxProvision": "4344000", "interestIncome": "8166000", "netInterestIncome": "None", "extraordinaryItems": "None", "nonRecurring": "None", "otherItems": "None", "incomeTaxExpense": "4344000", "totalOtherIncomeExpense": "38548000", "discontinuedOperations": "None", "netIncomeFromContinuingOperations": "259016000", "netIncomeApplicableToCommonShares": "259016000", "preferredStockAndOtherAdjustments": "None"}, {"fiscalDateEnding": "2018-03-31", "reportedCurrency": "USD", "totalRevenue": "593749000", "totalOperatingExpense": "338031000", "costOfRevenue": "98581000", "grossProfit": "495168000", "ebit": "160437000", "netIncome": "112170000", "researchAndDevelopment": "75297000", "effectOfAccountingCharges": "None", "incomeBeforeTax": "160437000", "minorityInterest": "None", "sellingGeneralAdministrative": "262734000", "otherNonOperatingIncome": "3300000", "operatingIncome": "157137000", "otherOperatingExpense": "None", "interestExpense": "0", "taxProvision": "48267000", "interestIncome": "3688000", "netInterestIncome": "None", "extraordinaryItems": "-21400000", "nonRecurring": "None", "otherItems": "None", "incomeTaxExpense": "48267000", "totalOtherIncomeExpense": "3300000", "discontinuedOperations": "None", "netIncomeFromContinuingOperations": "112170000", "netIncomeApplicableToCommonShares": "112170000", "preferredStockAndOtherAdjustments": "None"}, {"fiscalDateEnding": "2017-03-31", "reportedCurrency": "USD", "totalRevenue": "445304000", "totalOperatingExpense": "284539000", "costOfRevenue": "70627000", "grossProfit": "374677000", "ebit": "91343000", "netIncome": "52116000", "researchAndDevelopment": "66386000", "effectOfAccountingCharges": "None", "incomeBeforeTax": "91343000", "minorityInterest": "None", "sellingGeneralAdministrative": "218153000", "otherNonOperatingIncome": "1205000", "operatingIncome": "90138000", "otherOperatingExpense": "None", "interestExpense": "0", "taxProvision": "39227000", "interestIncome": "1554000", "netInterestIncome": "None", "extraordinaryItems": "None", "nonRecurring": "None", "otherItems": "None", "incomeTaxExpense": "39227000", "totalOtherIncomeExpense": "1205000", "discontinuedOperations": "None", "netIncomeFromContinuingOperations": "52116000", "netIncomeApplicableToCommonShares": "52116000", "preferredStockAndOtherAdjustments": "None"}, {"fiscalDateEnding": "2016-03-31", "reportedCurrency": "USD", "totalRevenue": "329543000", "totalOperatingExpense": "214020000", "costOfRevenue": "50419000", "grossProfit": "279124000", "ebit": "65838000", "netIncome": "38147000", "researchAndDevelopment": "49759000", "effectOfAccountingCharges": "None", "incomeBeforeTax": "65838000", "minorityInterest": "None", "sellingGeneralAdministrative": "164261000", "otherNonOperatingIncome": "734000", "operatingIncome": "65104000", "otherOperatingExpense": "None", "interestExpense": "0", "taxProvision": "27691000", "interestIncome": "395000", "netInterestIncome": "None", "extraordinaryItems": "None", "nonRecurring": "None", "otherItems": "None", "incomeTaxExpense": "27691000", "totalOtherIncomeExpense": "-319000", "discontinuedOperations": "None", "netIncomeFromContinuingOperations": "38147000", "netIncomeApplicableToCommonShares": "38147000", "preferredStockAndOtherAdjustments": "None"}], "quarterlyReports": [{"fiscalDateEnding": "2020-06-30", "reportedCurrency": "USD", "totalRevenue": "164850000", "totalOperatingExpense": "94801000", "costOfRevenue": "35983000", "grossProfit": "128867000", "ebit": "61076000", "netIncome": "44588000", "researchAndDevelopment": "26357000", "effectOfAccountingCharges": "None", "incomeBeforeTax": "61076000", "minorityInterest": "None", "sellingGeneralAdministrative": "68444000", "otherNonOperatingIncome": "27010000", "operatingIncome": "34066000", "otherOperatingExpense": "None", "interestExpense": "None", "taxProvision": "16488000", "interestIncome": "None", "netInterestIncome": "None", "extraordinaryItems": "None", "nonRecurring": "None", "otherItems": "None", "incomeTaxExpense": "16488000", "totalOtherIncomeExpense": "27010000", "discontinuedOperations": "None", "netIncomeFromContinuingOperations": "44588000", "netIncomeApplicableToCommonShares": "44588000", "preferredStockAndOtherAdjustments": "None"}, {"fiscalDateEnding": "2020-03-31", "reportedCurrency": "USD", "totalRevenue": "206659000", "totalOperatingExpense": "109237000", "costOfRevenue": "39369000", "grossProfit": "167290000", "ebit": "39313000", "netIncome": "31798000", "researchAndDevelopment": "25345000", "effectOfAccountingCharges": "None", "incomeBeforeTax": "39313000", "minorityInterest": "None", "sellingGeneralAdministrative": "83892000", "otherNonOperatingIncome": "-18740000", "operatingIncome": "58053000", "otherOperatingExpense": "None", "interestExpense": "None", "taxProvision": "7515000", "interestIncome": "-14498500", "netInterestIncome": "None", "extraordinaryItems": "None", "nonRecurring": "None", "otherItems": "None", "incomeTaxExpense": "7515000", "totalOtherIncomeExpense": "-18739000", "discontinuedOperations": "None", "netIncomeFromContinuingOperations": "31798000", "netIncomeApplicableToCommonShares": "31798000", "preferredStockAndOtherAdjustments": "None"}, {"fiscalDateEnding": "2019-12-31", "reportedCurrency": "USD", "totalRevenue": "221584000", "totalOperatingExpense": "111329000", "costOfRevenue": "39996000", "grossProfit": "181588000", "ebit": "97016000", "netIncome": "69217000", "researchAndDevelopment": "25655000", "effectOfAccountingCharges": "None", "incomeBeforeTax": "97016000", "minorityInterest": "None", "sellingGeneralAdministrative": "85674000", "otherNonOperatingIncome": "26757000", "operatingIncome": "70259000", "otherOperatingExpense": "None", "interestExpense": "400000", "taxProvision": "27799000", "interestIncome": "26586000", "netInterestIncome": "None", "extraordinaryItems": "None", "nonRecurring": "None", "otherItems": "None", "incomeTaxExpense": "27799000", "totalOtherIncomeExpense": "26757000", "discontinuedOperations": "None", "netIncomeFromContinuingOperations": "69217000", "netIncomeApplicableToCommonShares": "69217000", "preferredStockAndOtherAdjustments": "None"}, {"fiscalDateEnding": "2019-09-30", "reportedCurrency": "USD", "totalRevenue": "204974000", "totalOperatingExpense": "109925000", "costOfRevenue": "34867000", "grossProfit": "170107000", "ebit": "17358000", "netIncome": "13071000", "researchAndDevelopment": "23969000", "effectOfAccountingCharges": "None", "incomeBeforeTax": "17358000", "minorityInterest": "None", "sellingGeneralAdministrative": "85956000", "otherNonOperatingIncome": "-42824000", "operatingIncome": "60182000", "otherOperatingExpense": "None", "interestExpense": "400000", "taxProvision": "4287000", "interestIncome": "-42668000", "netInterestIncome": "None", "extraordinaryItems": "None", "nonRecurring": "None", "otherItems": "None", "incomeTaxExpense": "4287000", "totalOtherIncomeExpense": "-42824000", "discontinuedOperations": "None", "netIncomeFromContinuingOperations": "13071000", "netIncomeApplicableToCommonShares": "13071000", "preferredStockAndOtherAdjustments": "None"}, {"fiscalDateEnding": "2019-06-30", "reportedCurrency": "USD", "totalRevenue": "207666000", "totalOperatingExpense": "109868000", "costOfRevenue": "37073000", "grossProfit": "170593000", "ebit": "103138000", "netIncome": "88923000", "researchAndDevelopment": "23790000", "effectOfAccountingCharges": "None", "incomeBeforeTax": "103138000", "minorityInterest": "None", "sellingGeneralAdministrative": "86078000", "otherNonOperatingIncome": "42413000", "operatingIncome": "60725000", "otherOperatingExpense": "None", "interestExpense": "400000", "taxProvision": "14215000", "interestIncome": "42749000", "netInterestIncome": "None", "extraordinaryItems": "None", "nonRecurring": "None", "otherItems": "None", "incomeTaxExpense": "14215000", "totalOtherIncomeExpense": "42413000", "discontinuedOperations": "None", "netIncomeFromContinuingOperations": "88923000", "netIncomeApplicableToCommonShares": "88923000", "preferredStockAndOtherAdjustments": "None"}, {"fiscalDateEnding": "2019-03-31", "reportedCurrency": "USD", "totalRevenue": "207081000", "totalOperatingExpense": "106844000", "costOfRevenue": "34848000", "grossProfit": "172233000", "ebit": "98530000", "netIncome": "73961000", "researchAndDevelopment": "25548000", "effectOfAccountingCharges": "None", "incomeBeforeTax": "98530000", "minorityInterest": "None", "sellingGeneralAdministrative": "81296000", "otherNonOperatingIncome": "33141000", "operatingIncome": "65389000", "otherOperatingExpense": "None", "interestExpense": "400000", "taxProvision": "24569000", "interestIncome": "2769000", "netInterestIncome": "None", "extraordinaryItems": "None", "nonRecurring": "None", "otherItems": "None", "incomeTaxExpense": "24569000", "totalOtherIncomeExpense": "33141000", "discontinuedOperations": "None", "netIncomeFromContinuingOperations": "73961000", "netIncomeApplicableToCommonShares": "73961000", "preferredStockAndOtherAdjustments": "None"}, {"fiscalDateEnding": "2018-12-31", "reportedCurrency": "USD", "totalRevenue": "200563000", "totalOperatingExpense": "104185000", "costOfRevenue": "34023000", "grossProfit": "166540000", "ebit": "64510000", "netIncome": "44862000", "researchAndDevelopment": "23965000", "effectOfAccountingCharges": "None", "incomeBeforeTax": "64510000", "minorityInterest": "None", "sellingGeneralAdministrative": "80220000", "otherNonOperatingIncome": "2155000", "operatingIncome": "62355000", "otherOperatingExpense": "None", "interestExpense": "0", "taxProvision": "None", "interestIncome": "None", "netInterestIncome": "None", "extraordinaryItems": "None", "nonRecurring": "None", "otherItems": "None", "incomeTaxExpense": "19648000", "totalOtherIncomeExpense": "1903000", "discontinuedOperations": "None", "netIncomeFromContinuingOperations": "44862000", "netIncomeApplicableToCommonShares": "44862000", "preferredStockAndOtherAdjustments": "None"}, {"fiscalDateEnding": "2018-09-30", "reportedCurrency": "USD", "totalRevenue": "181778000", "totalOperatingExpense": "101612000", "costOfRevenue": "29846000", "grossProfit": "151932000", "ebit": "51833000", "netIncome": "50127000", "researchAndDevelopment": "22717000", "effectOfAccountingCharges": "None", "incomeBeforeTax": "51833000", "minorityInterest": "None", "sellingGeneralAdministrative": "78895000", "otherNonOperatingIncome": "1513000", "operatingIncome": "50320000", "otherOperatingExpense": "None", "interestExpense": "0", "taxProvision": "None", "interestIncome": "None", "netInterestIncome": "None", "extraordinaryItems": "None", "nonRecurring": "None", "otherItems": "None", "incomeTaxExpense": "1706000", "totalOtherIncomeExpense": "3252000", "discontinuedOperations": "None", "netIncomeFromContinuingOperations": "50127000", "netIncomeApplicableToCommonShares": "50127000", "preferredStockAndOtherAdjustments": "None"}, {"fiscalDateEnding": "2018-06-30", "reportedCurrency": "USD", "totalRevenue": "180010000", "totalOperatingExpense": "102412000", "costOfRevenue": "30850000", "grossProfit": "149160000", "ebit": "48487000", "netIncome": "90066000", "researchAndDevelopment": "21273000", "effectOfAccountingCharges": "None", "incomeBeforeTax": "48487000", "minorityInterest": "None", "sellingGeneralAdministrative": "81139000", "otherNonOperatingIncome": "1739000", "operatingIncome": "46748000", "otherOperatingExpense": "None", "interestExpense": "0", "taxProvision": "None", "interestIncome": "None", "netInterestIncome": "None", "extraordinaryItems": "None", "nonRecurring": "None", "otherItems": "None", "incomeTaxExpense": "-41579000", "totalOtherIncomeExpense": "1739000", "discontinuedOperations": "None", "netIncomeFromContinuingOperations": "90066000", "netIncomeApplicableToCommonShares": "90066000", "preferredStockAndOtherAdjustments": "None"}, {"fiscalDateEnding": "2018-03-31", "reportedCurrency": "USD", "totalRevenue": "174436000", "totalOperatingExpense": "96771000", "costOfRevenue": "30098000", "grossProfit": "144338000", "ebit": "48507000", "netIncome": "36847000", "researchAndDevelopment": "21270000", "effectOfAccountingCharges": "0", "incomeBeforeTax": "48507000", "minorityInterest": "0", "sellingGeneralAdministrative": "75501000", "otherNonOperatingIncome": "940000", "operatingIncome": "47567000", "otherOperatingExpense": "0", "interestExpense": "0", "taxProvision": "None", "interestIncome": "None", "netInterestIncome": "None", "extraordinaryItems": "0", "nonRecurring": "0", "otherItems": "0", "incomeTaxExpense": "11660000", "totalOtherIncomeExpense": "2412000", "discontinuedOperations": "0", "netIncomeFromContinuingOperations": "36847000", "netIncomeApplicableToCommonShares": "36847000", "preferredStockAndOtherAdjustments": "None"}, {"fiscalDateEnding": "2017-12-31", "reportedCurrency": "USD", "totalRevenue": "154022000", "totalOperatingExpense": "84262000", "costOfRevenue": "24994000", "grossProfit": "129028000", "ebit": "45654000", "netIncome": "13446000", "researchAndDevelopment": "17706000", "effectOfAccountingCharges": "0", "incomeBeforeTax": "45654000", "minorityInterest": "0", "sellingGeneralAdministrative": "66556000", "otherNonOperatingIncome": "888000", "operatingIncome": "44766000", "otherOperatingExpense": "0", "interestExpense": "0", "taxProvision": "None", "interestIncome": "None", "netInterestIncome": "None", "extraordinaryItems": "0", "nonRecurring": "0", "otherItems": "0", "incomeTaxExpense": "32208000", "totalOtherIncomeExpense": "130000", "discontinuedOperations": "0", "netIncomeFromContinuingOperations": "13446000", "netIncomeApplicableToCommonShares": "13446000", "preferredStockAndOtherAdjustments": "None"}, {"fiscalDateEnding": "2017-09-30", "reportedCurrency": "USD", "totalRevenue": "132823000", "totalOperatingExpense": "79470000", "costOfRevenue": "21627000", "grossProfit": "111196000", "ebit": "32484000", "netIncome": "24503000", "researchAndDevelopment": "19390000", "effectOfAccountingCharges": "0", "incomeBeforeTax": "32484000", "minorityInterest": "0", "sellingGeneralAdministrative": "60080000", "otherNonOperatingIncome": "758000", "operatingIncome": "31726000", "otherOperatingExpense": "0", "interestExpense": "0", "taxProvision": "None", "interestIncome": "None", "netInterestIncome": "None", "extraordinaryItems": "0", "nonRecurring": "0", "otherItems": "0", "incomeTaxExpense": "7981000", "totalOtherIncomeExpense": "44000", "discontinuedOperations": "0", "netIncomeFromContinuingOperations": "24503000", "netIncomeApplicableToCommonShares": "24503000", "preferredStockAndOtherAdjustments": "None"}, {"fiscalDateEnding": "2017-06-30", "reportedCurrency": "USD", "totalRevenue": "132468000", "totalOperatingExpense": "77528000", "costOfRevenue": "21862000", "grossProfit": "110606000", "ebit": "33792000", "netIncome": "37374000", "researchAndDevelopment": "16931000", "effectOfAccountingCharges": "0", "incomeBeforeTax": "33792000", "minorityInterest": "0", "sellingGeneralAdministrative": "60597000", "otherNonOperatingIncome": "714000", "operatingIncome": "33078000", "otherOperatingExpense": "0", "interestExpense": "0", "taxProvision": "None", "interestIncome": "None", "netInterestIncome": "None", "extraordinaryItems": "0", "nonRecurring": "0", "otherItems": "0", "incomeTaxExpense": "-3582000", "totalOtherIncomeExpense": "714000", "discontinuedOperations": "0", "netIncomeFromContinuingOperations": "37374000", "netIncomeApplicableToCommonShares": "37374000", "preferredStockAndOtherAdjustments": "None"}, {"fiscalDateEnding": "2017-03-31", "reportedCurrency": "USD", "totalRevenue": "124680000", "totalOperatingExpense": "76425000", "costOfRevenue": "19261000", "grossProfit": "105419000", "ebit": "29356000", "netIncome": "14899000", "researchAndDevelopment": "16325000", "effectOfAccountingCharges": "0", "incomeBeforeTax": "29356000", "minorityInterest": "0", "sellingGeneralAdministrative": "60100000", "otherNonOperatingIncome": "362000", "operatingIncome": "28994000", "otherOperatingExpense": "0", "interestExpense": "0", "taxProvision": "None", "interestIncome": "None", "netInterestIncome": "None", "extraordinaryItems": "0", "nonRecurring": "0", "otherItems": "0", "incomeTaxExpense": "14457000", "totalOtherIncomeExpense": "782000", "discontinuedOperations": "0", "netIncomeFromContinuingOperations": "14899000", "netIncomeApplicableToCommonShares": "14899000", "preferredStockAndOtherAdjustments": "None"}, {"fiscalDateEnding": "2016-12-31", "reportedCurrency": "USD", "totalRevenue": "114674000", "totalOperatingExpense": "70284000", "costOfRevenue": "18987000", "grossProfit": "95687000", "ebit": "25826000", "netIncome": "15432000", "researchAndDevelopment": "16349000", "effectOfAccountingCharges": "0", "incomeBeforeTax": "25826000", "minorityInterest": "0", "sellingGeneralAdministrative": "53935000", "otherNonOperatingIncome": "423000", "operatingIncome": "25403000", "otherOperatingExpense": "0", "interestExpense": "0", "taxProvision": "None", "interestIncome": "None", "netInterestIncome": "None", "extraordinaryItems": "0", "nonRecurring": "0", "otherItems": "0", "incomeTaxExpense": "10394000", "totalOtherIncomeExpense": "195000", "discontinuedOperations": "0", "netIncomeFromContinuingOperations": "15432000", "netIncomeApplicableToCommonShares": "15432000", "preferredStockAndOtherAdjustments": "None"}, {"fiscalDateEnding": "2016-09-30", "reportedCurrency": "USD", "totalRevenue": "102955000", "totalOperatingExpense": "71138000", "costOfRevenue": "17309000", "grossProfit": "85646000", "ebit": "14736000", "netIncome": "8875000", "researchAndDevelopment": "18052000", "effectOfAccountingCharges": "0", "incomeBeforeTax": "14736000", "minorityInterest": "0", "sellingGeneralAdministrative": "53086000", "otherNonOperatingIncome": "228000", "operatingIncome": "14508000", "otherOperatingExpense": "0", "interestExpense": "0", "taxProvision": "None", "interestIncome": "None", "netInterestIncome": "None", "extraordinaryItems": "0", "nonRecurring": "0", "otherItems": "0", "incomeTaxExpense": "5861000", "totalOtherIncomeExpense": "36000", "discontinuedOperations": "0", "netIncomeFromContinuingOperations": "8875000", "netIncomeApplicableToCommonShares": "8875000", "preferredStockAndOtherAdjustments": "None"}, {"fiscalDateEnding": "2016-06-30", "reportedCurrency": "USD", "totalRevenue": "102995000", "totalOperatingExpense": "66692000", "costOfRevenue": "15070000", "grossProfit": "87925000", "ebit": "21425000", "netIncome": "12910000", "researchAndDevelopment": "15660000", "effectOfAccountingCharges": "0", "incomeBeforeTax": "21425000", "minorityInterest": "0", "sellingGeneralAdministrative": "51032000", "otherNonOperatingIncome": "192000", "operatingIncome": "21233000", "otherOperatingExpense": "0", "interestExpense": "0", "taxProvision": "None", "interestIncome": "None", "netInterestIncome": "None", "extraordinaryItems": "0", "nonRecurring": "0", "otherItems": "0", "incomeTaxExpense": "8515000", "totalOtherIncomeExpense": "192000", "discontinuedOperations": "0", "netIncomeFromContinuingOperations": "12910000", "netIncomeApplicableToCommonShares": "12910000", "preferredStockAndOtherAdjustments": "None"}, {"fiscalDateEnding": "2016-03-31", "reportedCurrency": "USD", "totalRevenue": "93957000", "totalOperatingExpense": "59481000", "costOfRevenue": "14663000", "grossProfit": "79294000", "ebit": "20227000", "netIncome": "10998000", "researchAndDevelopment": "14225000", "effectOfAccountingCharges": "0", "incomeBeforeTax": "20227000", "minorityInterest": "0", "sellingGeneralAdministrative": "45256000", "otherNonOperatingIncome": "414000", "operatingIncome": "19813000", "otherOperatingExpense": "0", "interestExpense": "0", "taxProvision": "None", "interestIncome": "None", "netInterestIncome": "None", "extraordinaryItems": "0", "nonRecurring": "0", "otherItems": "0", "incomeTaxExpense": "9229000", "totalOtherIncomeExpense": "944000", "discontinuedOperations": "0", "netIncomeFromContinuingOperations": "10998000", "netIncomeApplicableToCommonShares": "10998000", "preferredStockAndOtherAdjustments": "None"}, {"fiscalDateEnding": "2015-12-31", "reportedCurrency": "USD", "totalRevenue": "85795000", "totalOperatingExpense": "55608000", "costOfRevenue": "12744000", "grossProfit": "73051000", "ebit": "17498000", "netIncome": "10555000", "researchAndDevelopment": "13755000", "effectOfAccountingCharges": "0", "incomeBeforeTax": "17498000", "minorityInterest": "0", "sellingGeneralAdministrative": "41853000", "otherNonOperatingIncome": "55000", "operatingIncome": "17443000", "otherOperatingExpense": "0", "interestExpense": "0", "taxProvision": "None", "interestIncome": "None", "netInterestIncome": "None", "extraordinaryItems": "0", "nonRecurring": "0", "otherItems": "0", "incomeTaxExpense": "6943000", "totalOtherIncomeExpense": "-359000", "discontinuedOperations": "0", "netIncomeFromContinuingOperations": "10555000", "netIncomeApplicableToCommonShares": "10555000", "preferredStockAndOtherAdjustments": "None"}, {"fiscalDateEnding": "2015-09-30", "reportedCurrency": "USD", "totalRevenue": "76359000", "totalOperatingExpense": "51398000", "costOfRevenue": "12144000", "grossProfit": "64215000", "ebit": "12966000", "netIncome": "7735000", "researchAndDevelopment": "11569000", "effectOfAccountingCharges": "0", "incomeBeforeTax": "12966000", "minorityInterest": "0", "sellingGeneralAdministrative": "39829000", "otherNonOperatingIncome": "149000", "operatingIncome": "12817000", "otherOperatingExpense": "0", "interestExpense": "0", "taxProvision": "None", "interestIncome": "None", "netInterestIncome": "None", "extraordinaryItems": "0", "nonRecurring": "0", "otherItems": "0", "incomeTaxExpense": "5231000", "totalOtherIncomeExpense": "33000", "discontinuedOperations": "0", "netIncomeFromContinuingOperations": "7735000", "netIncomeApplicableToCommonShares": "7735000", "preferredStockAndOtherAdjustments": "None"}, {"fiscalDateEnding": "2015-06-30", "reportedCurrency": "USD", "totalRevenue": "73432000", "totalOperatingExpense": "47533000", "costOfRevenue": "10868000", "grossProfit": "62564000", "ebit": "15147000", "netIncome": "8859000", "researchAndDevelopment": "10210000", "effectOfAccountingCharges": "0", "incomeBeforeTax": "15147000", "minorityInterest": "0", "sellingGeneralAdministrative": "37323000", "otherNonOperatingIncome": "116000", "operatingIncome": "15031000", "otherOperatingExpense": "0", "interestExpense": "0", "taxProvision": "None", "interestIncome": "None", "netInterestIncome": "None", "extraordinaryItems": "0", "nonRecurring": "0", "otherItems": "0", "incomeTaxExpense": "6288000", "totalOtherIncomeExpense": "116000", "discontinuedOperations": "0", "netIncomeFromContinuingOperations": "8859000", "netIncomeApplicableToCommonShares": "8859000", "preferredStockAndOtherAdjustments": "None"}]}