{"symbol": "ACI", "annualReports": [{"fiscalDateEnding": "2020-02-29", "reportedCurrency": "USD", "totalRevenue": "62455100000", "totalOperatingExpense": "61502800000", "costOfRevenue": "44860900000", "grossProfit": "17594200000", "ebit": "3540000000", "netIncome": "466400000", "researchAndDevelopment": "None", "effectOfAccountingCharges": "None", "incomeBeforeTax": "599200000", "minorityInterest": "None", "sellingGeneralAdministrative": "16641900000", "otherNonOperatingIncome": "None", "operatingIncome": "952300000", "otherOperatingExpense": "None", "interestExpense": "679200000", "taxProvision": "132800000", "interestIncome": "21000000", "netInterestIncome": "-698000000", "extraordinaryItems": "None", "nonRecurring": "None", "otherItems": "None", "incomeTaxExpense": "132800000", "totalOtherIncomeExpense": "344900000", "discontinuedOperations": "None", "netIncomeFromContinuingOperations": "466400000", "netIncomeApplicableToCommonShares": "466400000", "preferredStockAndOtherAdjustments": "None"}, {"fiscalDateEnding": "2019-02-28", "reportedCurrency": "USD", "totalRevenue": "60534500000", "totalOperatingExpense": "59747200000", "costOfRevenue": "43639900000", "grossProfit": "16894600000", "ebit": "2591400000", "netIncome": "131100000", "researchAndDevelopment": "None", "effectOfAccountingCharges": "None", "incomeBeforeTax": "52200000", "minorityInterest": "None", "sellingGeneralAdministrative": "16107300000", "otherNonOperatingIncome": "None", "operatingIncome": "787300000", "otherOperatingExpense": "None", "interestExpense": "800400000", "taxProvision": "-78900000", "interestIncome": "12300000", "netInterestIncome": "-830800000", "extraordinaryItems": "56900000", "nonRecurring": "None", "otherItems": "None", "incomeTaxExpense": "-78900000", "totalOtherIncomeExpense": "95700000", "discontinuedOperations": "None", "netIncomeFromContinuingOperations": "131100000", "netIncomeApplicableToCommonShares": "131100000", "preferredStockAndOtherAdjustments": "None"}, {"fiscalDateEnding": "2018-02-28", "reportedCurrency": "USD", "totalRevenue": "59924600000", "totalOperatingExpense": "59787200000", "costOfRevenue": "43563500000", "grossProfit": "16361100000", "ebit": "1855400000", "netIncome": "46300000", "researchAndDevelopment": "None", "effectOfAccountingCharges": "None", "incomeBeforeTax": "-917500000", "minorityInterest": "None", "sellingGeneralAdministrative": "16223700000", "otherNonOperatingIncome": "None", "operatingIncome": "137400000", "otherOperatingExpense": "None", "interestExpense": "874800000", "taxProvision": "-963800000", "interestIncome": "None", "netInterestIncome": "-874800000", "extraordinaryItems": "430400000", "nonRecurring": "None", "otherItems": "None", "incomeTaxExpense": "-963800000", "totalOtherIncomeExpense": "-180100000", "discontinuedOperations": "None", "netIncomeFromContinuingOperations": "46300000", "netIncomeApplicableToCommonShares": "46300000", "preferredStockAndOtherAdjustments": "None"}, {"fiscalDateEnding": "2017-02-28", "reportedCurrency": "USD", "totalRevenue": "59678200000", "totalOperatingExpense": "59037700000", "costOfRevenue": "43037700000", "grossProfit": "16640500000", "ebit": "2345000000", "netIncome": "-373300000", "researchAndDevelopment": "None", "effectOfAccountingCharges": "None", "incomeBeforeTax": "-463600000", "minorityInterest": "None", "sellingGeneralAdministrative": "16000000000", "otherNonOperatingIncome": "None", "operatingIncome": "640500000", "otherOperatingExpense": "None", "interestExpense": "1003800000", "taxProvision": "-90300000", "interestIncome": "None", "netInterestIncome": "-1003800000", "extraordinaryItems": "None", "nonRecurring": "None", "otherItems": "None", "incomeTaxExpense": "-90300000", "totalOtherIncomeExpense": "-100300000", "discontinuedOperations": "None", "netIncomeFromContinuingOperations": "-373300000", "netIncomeApplicableToCommonShares": "-373300000", "preferredStockAndOtherAdjustments": "None"}, {"fiscalDateEnding": "2016-02-29", "reportedCurrency": "USD", "totalRevenue": "58734000000", "totalOperatingExpense": "None", "costOfRevenue": "42672300000", "grossProfit": "16061700000", "ebit": "None", "netIncome": "-502200000", "researchAndDevelopment": "None", "effectOfAccountingCharges": "None", "incomeBeforeTax": "-541800000", "minorityInterest": "None", "sellingGeneralAdministrative": "15624100000", "otherNonOperatingIncome": "None", "operatingIncome": "401700000", "otherOperatingExpense": "None", "interestExpense": "None", "taxProvision": "-39600000", "interestIncome": "-956200000", "netInterestIncome": "None", "extraordinaryItems": "None", "nonRecurring": "None", "otherItems": "None", "incomeTaxExpense": "None", "totalOtherIncomeExpense": "None", "discontinuedOperations": "None", "netIncomeFromContinuingOperations": "None", "netIncomeApplicableToCommonShares": "-502200000", "preferredStockAndOtherAdjustments": "None"}], "quarterlyReports": [{"fiscalDateEnding": "2020-06-30", "reportedCurrency": "USD", "totalRevenue": "None", "totalOperatingExpense": "None", "costOfRevenue": "None", "grossProfit": "None", "ebit": "None", "netIncome": "None", "researchAndDevelopment": "None", "effectOfAccountingCharges": "None", "incomeBeforeTax": "None", "minorityInterest": "None", "sellingGeneralAdministrative": "None", "otherNonOperatingIncome": "None", "operatingIncome": "None", "otherOperatingExpense": "None", "interestExpense": "None", "taxProvision": "None", "interestIncome": "None", "netInterestIncome": "None", "extraordinaryItems": "None", "nonRecurring": "None", "otherItems": "None", "incomeTaxExpense": "201900000", "totalOtherIncomeExpense": "None", "discontinuedOperations": "None", "netIncomeFromContinuingOperations": "None", "netIncomeApplicableToCommonShares": "582300000", "preferredStockAndOtherAdjustments": "None"}, {"fiscalDateEnding": "2020-03-31", "reportedCurrency": "USD", "totalRevenue": "22751600000", "totalOperatingExpense": "21749500000", "costOfRevenue": "15980100000", "grossProfit": "6771500000", "ebit": "1605200000", "netIncome": "586200000", "researchAndDevelopment": "None", "effectOfAccountingCharges": "None", "incomeBeforeTax": "788100000", "minorityInterest": "None", "sellingGeneralAdministrative": "5769400000", "otherNonOperatingIncome": "None", "operatingIncome": "1002100000", "otherOperatingExpense": "None", "interestExpense": "180600000", "taxProvision": "201900000", "interestIncome": "None", "netInterestIncome": "-180600000", "extraordinaryItems": "None", "nonRecurring": "None", "otherItems": "None", "incomeTaxExpense": "None", "totalOtherIncomeExpense": "-33400000", "discontinuedOperations": "None", "netIncomeFromContinuingOperations": "586200000", "netIncomeApplicableToCommonShares": "None", "preferredStockAndOtherAdjustments": "None"}, {"fiscalDateEnding": "2019-12-31", "reportedCurrency": "USD", "totalRevenue": "15436800000", "totalOperatingExpense": "15112300000", "costOfRevenue": "11018800000", "grossProfit": "4418000000", "ebit": "773200000", "netIncome": "67800000", "researchAndDevelopment": "None", "effectOfAccountingCharges": "None", "incomeBeforeTax": "90100000", "minorityInterest": "None", "sellingGeneralAdministrative": "4093500000", "otherNonOperatingIncome": "None", "operatingIncome": "324500000", "otherOperatingExpense": "None", "interestExpense": "121700000", "taxProvision": "22300000", "interestIncome": "None", "netInterestIncome": "-140500000", "extraordinaryItems": "None", "nonRecurring": "None", "otherItems": "None", "incomeTaxExpense": "22300000", "totalOtherIncomeExpense": "-93900000", "discontinuedOperations": "None", "netIncomeFromContinuingOperations": "67800000", "netIncomeApplicableToCommonShares": "67800000", "preferredStockAndOtherAdjustments": "None"}, {"fiscalDateEnding": "2019-09-30", "reportedCurrency": "USD", "totalRevenue": "14103200000", "totalOperatingExpense": "13915300000", "costOfRevenue": "10108100000", "grossProfit": "3995100000", "ebit": "736700000", "netIncome": "54800000", "researchAndDevelopment": "None", "effectOfAccountingCharges": "None", "incomeBeforeTax": "67700000", "minorityInterest": "None", "sellingGeneralAdministrative": "3807200000", "otherNonOperatingIncome": "None", "operatingIncome": "187900000", "otherOperatingExpense": "None", "interestExpense": "154800000", "taxProvision": "12900000", "interestIncome": "None", "netInterestIncome": "-154800000", "extraordinaryItems": "None", "nonRecurring": "None", "otherItems": "None", "incomeTaxExpense": "81900000", "totalOtherIncomeExpense": "34600000", "discontinuedOperations": "None", "netIncomeFromContinuingOperations": "54800000", "netIncomeApplicableToCommonShares": "294800000", "preferredStockAndOtherAdjustments": "None"}, {"fiscalDateEnding": "2019-06-30", "reportedCurrency": "USD", "totalRevenue": "14176700000", "totalOperatingExpense": "14029800000", "costOfRevenue": "10235200000", "grossProfit": "3941500000", "ebit": "1061600000", "netIncome": "294800000", "researchAndDevelopment": "None", "effectOfAccountingCharges": "None", "incomeBeforeTax": "376700000", "minorityInterest": "None", "sellingGeneralAdministrative": "3794600000", "otherNonOperatingIncome": "None", "operatingIncome": "146900000", "otherOperatingExpense": "None", "interestExpense": "177500000", "taxProvision": "81900000", "interestIncome": "None", "netInterestIncome": "-177500000", "extraordinaryItems": "None", "nonRecurring": "None", "otherItems": "None", "incomeTaxExpense": "None", "totalOtherIncomeExpense": "407300000", "discontinuedOperations": "None", "netIncomeFromContinuingOperations": "294800000", "netIncomeApplicableToCommonShares": "None", "preferredStockAndOtherAdjustments": "None"}, {"fiscalDateEnding": "2019-03-31", "reportedCurrency": "USD", "totalRevenue": "18738400000", "totalOperatingExpense": "18416900000", "costOfRevenue": "13498800000", "grossProfit": "5239600000", "ebit": "968500000", "netIncome": "49000000", "researchAndDevelopment": "None", "effectOfAccountingCharges": "None", "incomeBeforeTax": "64700000", "minorityInterest": "None", "sellingGeneralAdministrative": "4918100000", "otherNonOperatingIncome": "None", "operatingIncome": "321500000", "otherOperatingExpense": "None", "interestExpense": "225200000", "taxProvision": "15700000", "interestIncome": "None", "netInterestIncome": "-225200000", "extraordinaryItems": "None", "nonRecurring": "None", "otherItems": "None", "incomeTaxExpense": "None", "totalOtherIncomeExpense": "-31600000", "discontinuedOperations": "None", "netIncomeFromContinuingOperations": "49000000", "netIncomeApplicableToCommonShares": "None", "preferredStockAndOtherAdjustments": "None"}]}