{"symbol": "ADPT", "annualReports": [{"fiscalDateEnding": "2019-12-31", "reportedCurrency": "USD", "totalRevenue": "85071000", "totalOperatingExpense": "163462000", "costOfRevenue": "22274000", "grossProfit": "62797000", "ebit": "-70600000", "netIncome": "-68606000", "researchAndDevelopment": "70705000", "effectOfAccountingCharges": "None", "incomeBeforeTax": "-68606000", "minorityInterest": "None", "sellingGeneralAdministrative": "68785000", "otherNonOperatingIncome": "None", "operatingIncome": "-78391000", "otherOperatingExpense": "None", "interestExpense": "None", "taxProvision": "None", "interestIncome": "9785000", "netInterestIncome": "9785000", "extraordinaryItems": "None", "nonRecurring": "None", "otherItems": "None", "incomeTaxExpense": "None", "totalOtherIncomeExpense": "9785000", "discontinuedOperations": "None", "netIncomeFromContinuingOperations": "-68606000", "netIncomeApplicableToCommonShares": "-69570000", "preferredStockAndOtherAdjustments": "None"}, {"fiscalDateEnding": "2018-12-31", "reportedCurrency": "USD", "totalRevenue": "55663000", "totalOperatingExpense": "105419000", "costOfRevenue": "19668000", "grossProfit": "35995000", "ebit": "-43756000", "netIncome": "-46447000", "researchAndDevelopment": "39157000", "effectOfAccountingCharges": "0", "incomeBeforeTax": "-46447000", "minorityInterest": "0", "sellingGeneralAdministrative": "44895000", "otherNonOperatingIncome": "None", "operatingIncome": "-49756000", "otherOperatingExpense": "0", "interestExpense": "0", "taxProvision": "None", "interestIncome": "3309000", "netInterestIncome": "3309000", "extraordinaryItems": "0", "nonRecurring": "0", "otherItems": "0", "incomeTaxExpense": "0", "totalOtherIncomeExpense": "3309000", "discontinuedOperations": "0", "netIncomeFromContinuingOperations": "-46447000", "netIncomeApplicableToCommonShares": "-46345000", "preferredStockAndOtherAdjustments": "None"}, {"fiscalDateEnding": "2017-12-31", "reportedCurrency": "USD", "totalRevenue": "38448000", "totalOperatingExpense": "82083000", "costOfRevenue": "15680000", "grossProfit": "22768000", "ebit": "-37839000", "netIncome": "-42831000", "researchAndDevelopment": "31995000", "effectOfAccountingCharges": "0", "incomeBeforeTax": "-42831000", "minorityInterest": "0", "sellingGeneralAdministrative": "32714000", "otherNonOperatingIncome": "None", "operatingIncome": "-43635000", "otherOperatingExpense": "0", "interestExpense": "0", "taxProvision": "None", "interestIncome": "1644000", "netInterestIncome": "1644000", "extraordinaryItems": "0", "nonRecurring": "0", "otherItems": "0", "incomeTaxExpense": "0", "totalOtherIncomeExpense": "-840000", "discontinuedOperations": "0", "netIncomeFromContinuingOperations": "-42831000", "netIncomeApplicableToCommonShares": "-42696000", "preferredStockAndOtherAdjustments": "None"}], "quarterlyReports": [{"fiscalDateEnding": "2020-06-30", "reportedCurrency": "USD", "totalRevenue": "20988000", "totalOperatingExpense": "57897000", "costOfRevenue": "4912000", "grossProfit": "16076000", "ebit": "-34911000", "netIncome": "-33535000", "researchAndDevelopment": "25992000", "effectOfAccountingCharges": "None", "incomeBeforeTax": "-35016000", "minorityInterest": "None", "sellingGeneralAdministrative": "26570000", "otherNonOperatingIncome": "None", "operatingIncome": "-36909000", "otherOperatingExpense": "None", "interestExpense": "None", "taxProvision": "-1481000", "interestIncome": "1893000", "netInterestIncome": "1893000", "extraordinaryItems": "None", "nonRecurring": "None", "otherItems": "None", "incomeTaxExpense": "-1481000", "totalOtherIncomeExpense": "None", "discontinuedOperations": "None", "netIncomeFromContinuingOperations": "-33535000", "netIncomeApplicableToCommonShares": "-33535000", "preferredStockAndOtherAdjustments": "None"}, {"fiscalDateEnding": "2020-03-31", "reportedCurrency": "USD", "totalRevenue": "20910000", "totalOperatingExpense": "55530000", "costOfRevenue": "5343000", "grossProfit": "15567000", "ebit": "-32642000", "netIncome": "-31403000", "researchAndDevelopment": "23935000", "effectOfAccountingCharges": "None", "incomeBeforeTax": "-31726000", "minorityInterest": "None", "sellingGeneralAdministrative": "25828000", "otherNonOperatingIncome": "None", "operatingIncome": "-34620000", "otherOperatingExpense": "None", "interestExpense": "None", "taxProvision": "-323000", "interestIncome": "2894000", "netInterestIncome": "2894000", "extraordinaryItems": "None", "nonRecurring": "None", "otherItems": "None", "incomeTaxExpense": "-323000", "totalOtherIncomeExpense": "None", "discontinuedOperations": "None", "netIncomeFromContinuingOperations": "-31403000", "netIncomeApplicableToCommonShares": "-31403000", "preferredStockAndOtherAdjustments": "None"}, {"fiscalDateEnding": "2019-12-31", "reportedCurrency": "USD", "totalRevenue": "24209000", "totalOperatingExpense": "48397000", "costOfRevenue": "5951000", "grossProfit": "18258000", "ebit": "-22113000", "netIncome": "-20611000", "researchAndDevelopment": "21189000", "effectOfAccountingCharges": "None", "incomeBeforeTax": "-20611000", "minorityInterest": "None", "sellingGeneralAdministrative": "20829000", "otherNonOperatingIncome": "None", "operatingIncome": "-24188000", "otherOperatingExpense": "None", "interestExpense": "None", "taxProvision": "None", "interestIncome": "3577000", "netInterestIncome": "3577000", "extraordinaryItems": "None", "nonRecurring": "None", "otherItems": "None", "incomeTaxExpense": "None", "totalOtherIncomeExpense": "3577000", "discontinuedOperations": "None", "netIncomeFromContinuingOperations": "-20611000", "netIncomeApplicableToCommonShares": "-20611000", "preferredStockAndOtherAdjustments": "None"}, {"fiscalDateEnding": "2019-09-30", "reportedCurrency": "USD", "totalRevenue": "26058000", "totalOperatingExpense": "44111000", "costOfRevenue": "5601000", "grossProfit": "20457000", "ebit": "-15990000", "netIncome": "-13950000", "researchAndDevelopment": "20506000", "effectOfAccountingCharges": "None", "incomeBeforeTax": "-13950000", "minorityInterest": "None", "sellingGeneralAdministrative": "17576000", "otherNonOperatingIncome": "None", "operatingIncome": "-18053000", "otherOperatingExpense": "None", "interestExpense": "None", "taxProvision": "None", "interestIncome": "4103000", "netInterestIncome": "4103000", "extraordinaryItems": "None", "nonRecurring": "None", "otherItems": "None", "incomeTaxExpense": "None", "totalOtherIncomeExpense": "4103000", "discontinuedOperations": "None", "netIncomeFromContinuingOperations": "-13950000", "netIncomeApplicableToCommonShares": "-13950000", "preferredStockAndOtherAdjustments": "None"}, {"fiscalDateEnding": "2019-06-30", "reportedCurrency": "USD", "totalRevenue": "22138000", "totalOperatingExpense": "38243000", "costOfRevenue": "5734000", "grossProfit": "16404000", "ebit": "-14235000", "netIncome": "-15659000", "researchAndDevelopment": "16527000", "effectOfAccountingCharges": "None", "incomeBeforeTax": "-15659000", "minorityInterest": "None", "sellingGeneralAdministrative": "15559000", "otherNonOperatingIncome": "None", "operatingIncome": "-16105000", "otherOperatingExpense": "None", "interestExpense": "None", "taxProvision": "None", "interestIncome": "446000", "netInterestIncome": "446000", "extraordinaryItems": "None", "nonRecurring": "None", "otherItems": "None", "incomeTaxExpense": "None", "totalOtherIncomeExpense": "446000", "discontinuedOperations": "None", "netIncomeFromContinuingOperations": "-15659000", "netIncomeApplicableToCommonShares": "-16369000", "preferredStockAndOtherAdjustments": "None"}, {"fiscalDateEnding": "2019-03-31", "reportedCurrency": "USD", "totalRevenue": "12666000", "totalOperatingExpense": "32711000", "costOfRevenue": "4988000", "grossProfit": "7678000", "ebit": "-18262000", "netIncome": "-18386000", "researchAndDevelopment": "12483000", "effectOfAccountingCharges": "0", "incomeBeforeTax": "-18386000", "minorityInterest": "0", "sellingGeneralAdministrative": "14821000", "otherNonOperatingIncome": "None", "operatingIncome": "-20045000", "otherOperatingExpense": "0", "interestExpense": "0", "taxProvision": "None", "interestIncome": "1659000", "netInterestIncome": "1659000", "extraordinaryItems": "0", "nonRecurring": "0", "otherItems": "0", "incomeTaxExpense": "0", "totalOtherIncomeExpense": "1659000", "discontinuedOperations": "0", "netIncomeFromContinuingOperations": "-18386000", "netIncomeApplicableToCommonShares": "-18640000", "preferredStockAndOtherAdjustments": "None"}, {"fiscalDateEnding": "2018-12-31", "reportedCurrency": "USD", "totalRevenue": "55663000", "totalOperatingExpense": "None", "costOfRevenue": "19668000", "grossProfit": "35995000", "ebit": "None", "netIncome": "-46447000", "researchAndDevelopment": "None", "effectOfAccountingCharges": "None", "incomeBeforeTax": "-46447000", "minorityInterest": "None", "sellingGeneralAdministrative": "44895000", "otherNonOperatingIncome": "None", "operatingIncome": "-49756000", "otherOperatingExpense": "None", "interestExpense": "None", "taxProvision": "None", "interestIncome": "None", "netInterestIncome": "None", "extraordinaryItems": "None", "nonRecurring": "None", "otherItems": "None", "incomeTaxExpense": "None", "totalOtherIncomeExpense": "None", "discontinuedOperations": "None", "netIncomeFromContinuingOperations": "None", "netIncomeApplicableToCommonShares": "-46345000", "preferredStockAndOtherAdjustments": "None"}, {"fiscalDateEnding": "2018-09-30", "reportedCurrency": "USD", "totalRevenue": "17188000", "totalOperatingExpense": "26349000", "costOfRevenue": "15143000", "grossProfit": "2045000", "ebit": "-9161000", "netIncome": "-8292000", "researchAndDevelopment": "9783000", "effectOfAccountingCharges": "None", "incomeBeforeTax": "-8292000", "minorityInterest": "None", "sellingGeneralAdministrative": "10778000", "otherNonOperatingIncome": "None", "operatingIncome": "-9161000", "otherOperatingExpense": "None", "interestExpense": "None", "taxProvision": "None", "interestIncome": "None", "netInterestIncome": "None", "extraordinaryItems": "None", "nonRecurring": "None", "otherItems": "None", "incomeTaxExpense": "None", "totalOtherIncomeExpense": "869000", "discontinuedOperations": "None", "netIncomeFromContinuingOperations": "-8292000", "netIncomeApplicableToCommonShares": "-8296000", "preferredStockAndOtherAdjustments": "None"}, {"fiscalDateEnding": "2018-06-30", "reportedCurrency": "USD", "totalRevenue": "11568000", "totalOperatingExpense": "24881000", "costOfRevenue": "14496000", "grossProfit": "-2928000", "ebit": "-13313000", "netIncome": "-12493000", "researchAndDevelopment": "9452000", "effectOfAccountingCharges": "None", "incomeBeforeTax": "-12493000", "minorityInterest": "None", "sellingGeneralAdministrative": "9961000", "otherNonOperatingIncome": "None", "operatingIncome": "-13313000", "otherOperatingExpense": "None", "interestExpense": "None", "taxProvision": "None", "interestIncome": "None", "netInterestIncome": "None", "extraordinaryItems": "None", "nonRecurring": "None", "otherItems": "None", "incomeTaxExpense": "None", "totalOtherIncomeExpense": "820000", "discontinuedOperations": "None", "netIncomeFromContinuingOperations": "-12493000", "netIncomeApplicableToCommonShares": "-12495000", "preferredStockAndOtherAdjustments": "None"}, {"fiscalDateEnding": "2018-03-31", "reportedCurrency": "USD", "totalRevenue": "9715000", "totalOperatingExpense": "22853000", "costOfRevenue": "12844000", "grossProfit": "-3129000", "ebit": "-13138000", "netIncome": "-12391000", "researchAndDevelopment": "9452000", "effectOfAccountingCharges": "0", "incomeBeforeTax": "-12391000", "minorityInterest": "0", "sellingGeneralAdministrative": "9590000", "otherNonOperatingIncome": "None", "operatingIncome": "-13138000", "otherOperatingExpense": "0", "interestExpense": "0", "taxProvision": "None", "interestIncome": "None", "netInterestIncome": "None", "extraordinaryItems": "0", "nonRecurring": "0", "otherItems": "0", "incomeTaxExpense": "0", "totalOtherIncomeExpense": "747000", "discontinuedOperations": "0", "netIncomeFromContinuingOperations": "-12391000", "netIncomeApplicableToCommonShares": "-12387000", "preferredStockAndOtherAdjustments": "None"}]}