{"symbol": "ADXN", "annualReports": [{"fiscalDateEnding": "2019-12-31", "reportedCurrency": "USD", "totalRevenue": "2833670", "totalOperatingExpense": "None", "costOfRevenue": "None", "grossProfit": "None", "ebit": "None", "netIncome": "-14780600", "researchAndDevelopment": "None", "effectOfAccountingCharges": "None", "incomeBeforeTax": "-14780600", "minorityInterest": "None", "sellingGeneralAdministrative": "4978980", "otherNonOperatingIncome": "None", "operatingIncome": "-14604150", "otherOperatingExpense": "None", "interestExpense": "None", "taxProvision": "None", "interestIncome": "-176450", "netInterestIncome": "None", "extraordinaryItems": "None", "nonRecurring": "None", "otherItems": "None", "incomeTaxExpense": "None", "totalOtherIncomeExpense": "None", "discontinuedOperations": "None", "netIncomeFromContinuingOperations": "None", "netIncomeApplicableToCommonShares": "-14780604", "preferredStockAndOtherAdjustments": "None"}, {"fiscalDateEnding": "2018-12-31", "reportedCurrency": "USD", "totalRevenue": "6702670", "totalOperatingExpense": "8127298", "costOfRevenue": "2368457", "grossProfit": "4334216", "ebit": "-1424625", "netIncome": "-1644800", "researchAndDevelopment": "2550336", "effectOfAccountingCharges": "None", "incomeBeforeTax": "-1644800", "minorityInterest": "None", "sellingGeneralAdministrative": "3207640", "otherNonOperatingIncome": "None", "operatingIncome": "-1424630", "otherOperatingExpense": "None", "interestExpense": "-134307", "taxProvision": "None", "interestIncome": "-220180", "netInterestIncome": "None", "extraordinaryItems": "None", "nonRecurring": "None", "otherItems": "None", "incomeTaxExpense": "None", "totalOtherIncomeExpense": "-220173", "discontinuedOperations": "None", "netIncomeFromContinuingOperations": "-1644798", "netIncomeApplicableToCommonShares": "-1644798", "preferredStockAndOtherAdjustments": "None"}, {"fiscalDateEnding": "2017-12-31", "reportedCurrency": "USD", "totalRevenue": "499890", "totalOperatingExpense": "3734950", "costOfRevenue": "841308", "grossProfit": "-341414", "ebit": "-3235056", "netIncome": "-3280410", "researchAndDevelopment": "1787593", "effectOfAccountingCharges": "None", "incomeBeforeTax": "-3280410", "minorityInterest": "None", "sellingGeneralAdministrative": "1102340", "otherNonOperatingIncome": "None", "operatingIncome": "-3235060", "otherOperatingExpense": "None", "interestExpense": "-171", "taxProvision": "None", "interestIncome": "-45350", "netInterestIncome": "None", "extraordinaryItems": "None", "nonRecurring": "None", "otherItems": "None", "incomeTaxExpense": "None", "totalOtherIncomeExpense": "-45350", "discontinuedOperations": "None", "netIncomeFromContinuingOperations": "-3280406", "netIncomeApplicableToCommonShares": "-3280406", "preferredStockAndOtherAdjustments": "None"}, {"fiscalDateEnding": "2016-12-31", "reportedCurrency": "USD", "totalRevenue": "399960", "totalOperatingExpense": "3541341", "costOfRevenue": "819330", "grossProfit": "-407586", "ebit": "-3129597", "netIncome": "-3149390", "researchAndDevelopment": "1642084", "effectOfAccountingCharges": "None", "incomeBeforeTax": "-3149390", "minorityInterest": "None", "sellingGeneralAdministrative": "1077550", "otherNonOperatingIncome": "None", "operatingIncome": "-3129600", "otherOperatingExpense": "None", "interestExpense": "-6924", "taxProvision": "None", "interestIncome": "-19790", "netInterestIncome": "None", "extraordinaryItems": "None", "nonRecurring": "None", "otherItems": "None", "incomeTaxExpense": "None", "totalOtherIncomeExpense": "-19789", "discontinuedOperations": "None", "netIncomeFromContinuingOperations": "-3149386", "netIncomeApplicableToCommonShares": "-3149386", "preferredStockAndOtherAdjustments": "None"}, {"fiscalDateEnding": "2015-12-31", "reportedCurrency": "CHF", "totalRevenue": "392020", "totalOperatingExpense": "3424946.61", "costOfRevenue": "759621.79", "grossProfit": "30044.91", "ebit": "-2635279.91", "netIncome": "-4204210", "researchAndDevelopment": "1016021.36", "effectOfAccountingCharges": "0", "incomeBeforeTax": "-4204210", "minorityInterest": "0", "sellingGeneralAdministrative": "1645930", "otherNonOperatingIncome": "0", "operatingIncome": "-3867940", "otherOperatingExpense": "0", "interestExpense": "-191667.50", "taxProvision": "None", "interestIncome": "-144200", "netInterestIncome": "None", "extraordinaryItems": "0", "nonRecurring": "0", "otherItems": "0", "incomeTaxExpense": "0", "totalOtherIncomeExpense": "-1560122.74", "discontinuedOperations": "0", "netIncomeFromContinuingOperations": "-4195402.65", "netIncomeApplicableToCommonShares": "-4204210", "preferredStockAndOtherAdjustments": "0"}], "quarterlyReports": [{"fiscalDateEnding": "2020-06-30", "reportedCurrency": "USD", "totalRevenue": "None", "totalOperatingExpense": "None", "costOfRevenue": "None", "grossProfit": "None", "ebit": "None", "netIncome": "None", "researchAndDevelopment": "None", "effectOfAccountingCharges": "None", "incomeBeforeTax": "None", "minorityInterest": "None", "sellingGeneralAdministrative": "None", "otherNonOperatingIncome": "None", "operatingIncome": "None", "otherOperatingExpense": "None", "interestExpense": "None", "taxProvision": "None", "interestIncome": "None", "netInterestIncome": "None", "extraordinaryItems": "None", "nonRecurring": "None", "otherItems": "None", "incomeTaxExpense": "None", "totalOtherIncomeExpense": "None", "discontinuedOperations": "None", "netIncomeFromContinuingOperations": "None", "netIncomeApplicableToCommonShares": "-3114738", "preferredStockAndOtherAdjustments": "None"}, {"fiscalDateEnding": "2020-03-31", "reportedCurrency": "USD", "totalRevenue": "952460", "totalOperatingExpense": "None", "costOfRevenue": "None", "grossProfit": "None", "ebit": "None", "netIncome": "-4305920", "researchAndDevelopment": "None", "effectOfAccountingCharges": "None", "incomeBeforeTax": "-4305920", "minorityInterest": "None", "sellingGeneralAdministrative": "1672520", "otherNonOperatingIncome": "None", "operatingIncome": "-4272670", "otherOperatingExpense": "None", "interestExpense": "None", "taxProvision": "None", "interestIncome": "-33240", "netInterestIncome": "None", "extraordinaryItems": "None", "nonRecurring": "None", "otherItems": "None", "incomeTaxExpense": "None", "totalOtherIncomeExpense": "None", "discontinuedOperations": "None", "netIncomeFromContinuingOperations": "None", "netIncomeApplicableToCommonShares": "-4305921", "preferredStockAndOtherAdjustments": "None"}, {"fiscalDateEnding": "2019-12-31", "reportedCurrency": "USD", "totalRevenue": "1606740", "totalOperatingExpense": "None", "costOfRevenue": "None", "grossProfit": "None", "ebit": "None", "netIncome": "-7239980", "researchAndDevelopment": "None", "effectOfAccountingCharges": "None", "incomeBeforeTax": "-7239980", "minorityInterest": "None", "sellingGeneralAdministrative": "2163230", "otherNonOperatingIncome": "None", "operatingIncome": "-7116540", "otherOperatingExpense": "None", "interestExpense": "None", "taxProvision": "None", "interestIncome": "-123440", "netInterestIncome": "None", "extraordinaryItems": "None", "nonRecurring": "None", "otherItems": "None", "incomeTaxExpense": "None", "totalOtherIncomeExpense": "None", "discontinuedOperations": "None", "netIncomeFromContinuingOperations": "None", "netIncomeApplicableToCommonShares": "-3619987", "preferredStockAndOtherAdjustments": "None"}, {"fiscalDateEnding": "2019-09-30", "reportedCurrency": "USD", "totalRevenue": "None", "totalOperatingExpense": "None", "costOfRevenue": "None", "grossProfit": "None", "ebit": "None", "netIncome": "None", "researchAndDevelopment": "None", "effectOfAccountingCharges": "None", "incomeBeforeTax": "None", "minorityInterest": "None", "sellingGeneralAdministrative": "None", "otherNonOperatingIncome": "None", "operatingIncome": "None", "otherOperatingExpense": "None", "interestExpense": "None", "taxProvision": "None", "interestIncome": "None", "netInterestIncome": "None", "extraordinaryItems": "None", "nonRecurring": "None", "otherItems": "None", "incomeTaxExpense": "None", "totalOtherIncomeExpense": "None", "discontinuedOperations": "None", "netIncomeFromContinuingOperations": "None", "netIncomeApplicableToCommonShares": "-3619987", "preferredStockAndOtherAdjustments": "None"}, {"fiscalDateEnding": "2019-06-30", "reportedCurrency": "USD", "totalRevenue": "1226920", "totalOperatingExpense": "4357274", "costOfRevenue": "2209648", "grossProfit": "-1596187", "ebit": "-3743813", "netIncome": "-7540630", "researchAndDevelopment": "737268", "effectOfAccountingCharges": "None", "incomeBeforeTax": "-7540630", "minorityInterest": "None", "sellingGeneralAdministrative": "2820720", "otherNonOperatingIncome": "None", "operatingIncome": "-7487630", "otherOperatingExpense": "None", "interestExpense": "-36978", "taxProvision": "None", "interestIncome": "-53010", "netInterestIncome": "None", "extraordinaryItems": "None", "nonRecurring": "None", "otherItems": "None", "incomeTaxExpense": "None", "totalOtherIncomeExpense": "-26502", "discontinuedOperations": "None", "netIncomeFromContinuingOperations": "-3770315", "netIncomeApplicableToCommonShares": "-3619987", "preferredStockAndOtherAdjustments": "None"}, {"fiscalDateEnding": "2019-03-31", "reportedCurrency": "USD", "totalRevenue": "613461", "totalOperatingExpense": "4357274", "costOfRevenue": "2209648", "grossProfit": "-1596187", "ebit": "-3743813", "netIncome": "-3770315", "researchAndDevelopment": "737268", "effectOfAccountingCharges": "None", "incomeBeforeTax": "-3770315", "minorityInterest": "None", "sellingGeneralAdministrative": "1410359", "otherNonOperatingIncome": "None", "operatingIncome": "-3743813", "otherOperatingExpense": "None", "interestExpense": "-36978", "taxProvision": "None", "interestIncome": "None", "netInterestIncome": "None", "extraordinaryItems": "None", "nonRecurring": "None", "otherItems": "None", "incomeTaxExpense": "None", "totalOtherIncomeExpense": "-26502", "discontinuedOperations": "None", "netIncomeFromContinuingOperations": "-3770315", "netIncomeApplicableToCommonShares": "-3770315", "preferredStockAndOtherAdjustments": "None"}, {"fiscalDateEnding": "2018-12-31", "reportedCurrency": "CHF", "totalRevenue": "1335220", "totalOperatingExpense": "2657785.25", "costOfRevenue": "924612.88", "grossProfit": "-244486.55", "ebit": "-1977660.96", "netIncome": "-3999080", "researchAndDevelopment": "519420.33", "effectOfAccountingCharges": "0", "incomeBeforeTax": "-3999080", "minorityInterest": "0", "sellingGeneralAdministrative": "2382840", "otherNonOperatingIncome": "0", "operatingIncome": "-3882550", "otherOperatingExpense": "0", "interestExpense": "-42957.42", "taxProvision": "None", "interestIncome": "-116530", "netInterestIncome": "None", "extraordinaryItems": "0", "nonRecurring": "0", "otherItems": "0", "incomeTaxExpense": "0", "totalOtherIncomeExpense": "-59360.23", "discontinuedOperations": "0", "netIncomeFromContinuingOperations": "-2037020.17", "netIncomeApplicableToCommonShares": "-3999080", "preferredStockAndOtherAdjustments": "0"}, {"fiscalDateEnding": "2018-09-30", "reportedCurrency": "USD", "totalRevenue": "667612", "totalOperatingExpense": "2608882", "costOfRevenue": "907600", "grossProfit": "-239988", "ebit": "-1941272", "netIncome": "-1999539", "researchAndDevelopment": "509863", "effectOfAccountingCharges": "None", "incomeBeforeTax": "-1999539", "minorityInterest": "None", "sellingGeneralAdministrative": "1191420", "otherNonOperatingIncome": "None", "operatingIncome": "-1941272", "otherOperatingExpense": "None", "interestExpense": "-42167", "taxProvision": "None", "interestIncome": "None", "netInterestIncome": "None", "extraordinaryItems": "None", "nonRecurring": "None", "otherItems": "None", "incomeTaxExpense": "None", "totalOtherIncomeExpense": "-58268", "discontinuedOperations": "None", "netIncomeFromContinuingOperations": "-1999539", "netIncomeApplicableToCommonShares": "-1999539", "preferredStockAndOtherAdjustments": "None"}, {"fiscalDateEnding": "2018-06-30", "reportedCurrency": "CHF", "totalRevenue": "5367450", "totalOperatingExpense": "0", "costOfRevenue": "0", "grossProfit": "0", "ebit": "0", "netIncome": "2354280", "researchAndDevelopment": "0", "effectOfAccountingCharges": "0", "incomeBeforeTax": "2354280", "minorityInterest": "0", "sellingGeneralAdministrative": "825670", "otherNonOperatingIncome": "0", "operatingIncome": "2457920", "otherOperatingExpense": "0", "interestExpense": "0", "taxProvision": "None", "interestIncome": "-103630", "netInterestIncome": "None", "extraordinaryItems": "0", "nonRecurring": "0", "otherItems": "0", "incomeTaxExpense": "0", "totalOtherIncomeExpense": "0", "discontinuedOperations": "0", "netIncomeFromContinuingOperations": "0", "netIncomeApplicableToCommonShares": "2354280", "preferredStockAndOtherAdjustments": "0"}, {"fiscalDateEnding": "2017-12-31", "reportedCurrency": "CHF", "totalRevenue": "287611.15", "totalOperatingExpense": "0", "costOfRevenue": "0", "grossProfit": "0", "ebit": "0", "netIncome": "-1532314.01", "researchAndDevelopment": "0", "effectOfAccountingCharges": "0", "incomeBeforeTax": "-1532314.01", "minorityInterest": "0", "sellingGeneralAdministrative": "289917.26", "otherNonOperatingIncome": "0", "operatingIncome": "-1522042.07", "otherOperatingExpense": "0", "interestExpense": "0", "taxProvision": "None", "interestIncome": "None", "netInterestIncome": "None", "extraordinaryItems": "0", "nonRecurring": "0", "otherItems": "0", "incomeTaxExpense": "0", "totalOtherIncomeExpense": "0", "discontinuedOperations": "0", "netIncomeFromContinuingOperations": "0", "netIncomeApplicableToCommonShares": "-1532314.01", "preferredStockAndOtherAdjustments": "0"}, {"fiscalDateEnding": "2017-06-30", "reportedCurrency": "USD", "totalRevenue": "236627.36", "totalOperatingExpense": "0", "costOfRevenue": "0", "grossProfit": "0", "ebit": "0", "netIncome": "0", "researchAndDevelopment": "0", "effectOfAccountingCharges": "0", "incomeBeforeTax": "0", "minorityInterest": "0", "sellingGeneralAdministrative": "866878.85", "otherNonOperatingIncome": "0", "operatingIncome": "0", "otherOperatingExpense": "0", "interestExpense": "0", "taxProvision": "None", "interestIncome": "None", "netInterestIncome": "None", "extraordinaryItems": "0", "nonRecurring": "0", "otherItems": "0", "incomeTaxExpense": "0", "totalOtherIncomeExpense": "0", "discontinuedOperations": "0", "netIncomeFromContinuingOperations": "0", "netIncomeApplicableToCommonShares": "0", "preferredStockAndOtherAdjustments": "0"}]}