{"symbol": "AEYE", "annualReports": [{"fiscalDateEnding": "2019-12-31", "reportedCurrency": "USD", "totalRevenue": "10765153", "totalOperatingExpense": "18582950", "costOfRevenue": "4383112", "grossProfit": "6382041", "ebit": "-7095276", "netIncome": "-7783271", "researchAndDevelopment": "701054", "effectOfAccountingCharges": "None", "incomeBeforeTax": "-7783271", "minorityInterest": "None", "sellingGeneralAdministrative": "13498784", "otherNonOperatingIncome": "None", "operatingIncome": "-7817797", "otherOperatingExpense": "None", "interestExpense": "-75883", "taxProvision": "None", "interestIncome": "22530", "netInterestIncome": "-75883", "extraordinaryItems": "None", "nonRecurring": "None", "otherItems": "None", "incomeTaxExpense": "None", "totalOtherIncomeExpense": "110409", "discontinuedOperations": "None", "netIncomeFromContinuingOperations": "-7783271", "netIncomeApplicableToCommonShares": "-7835771", "preferredStockAndOtherAdjustments": "None"}, {"fiscalDateEnding": "2018-12-31", "reportedCurrency": "USD", "totalRevenue": "5660427", "totalOperatingExpense": "10234247", "costOfRevenue": "2626815", "grossProfit": "3033612", "ebit": "-4022485", "netIncome": "-5019874", "researchAndDevelopment": "194429", "effectOfAccountingCharges": "None", "incomeBeforeTax": "-5019874", "minorityInterest": "None", "sellingGeneralAdministrative": "7413003", "otherNonOperatingIncome": "None", "operatingIncome": "-4573820", "otherOperatingExpense": "None", "interestExpense": "-178002", "taxProvision": "None", "interestIncome": "-178240", "netInterestIncome": "-178002", "extraordinaryItems": "None", "nonRecurring": "None", "otherItems": "None", "incomeTaxExpense": "0", "totalOtherIncomeExpense": "-268052", "discontinuedOperations": "None", "netIncomeFromContinuingOperations": "-5019874", "netIncomeApplicableToCommonShares": "-5073614", "preferredStockAndOtherAdjustments": "None"}, {"fiscalDateEnding": "2017-12-31", "reportedCurrency": "USD", "totalRevenue": "2739439", "totalOperatingExpense": "7258085", "costOfRevenue": "1384145", "grossProfit": "1355294", "ebit": "-3979885", "netIncome": "-5607839", "researchAndDevelopment": "181303", "effectOfAccountingCharges": "None", "incomeBeforeTax": "-5607839", "minorityInterest": "None", "sellingGeneralAdministrative": "5153876", "otherNonOperatingIncome": "None", "operatingIncome": "-4518646", "otherOperatingExpense": "538761", "interestExpense": "917992", "taxProvision": "None", "interestIncome": "-1073470", "netInterestIncome": "-917992", "extraordinaryItems": "None", "nonRecurring": "None", "otherItems": "None", "incomeTaxExpense": "0", "totalOtherIncomeExpense": "-171201", "discontinuedOperations": "None", "netIncomeFromContinuingOperations": "-5607839", "netIncomeApplicableToCommonShares": "-5683045", "preferredStockAndOtherAdjustments": "None"}, {"fiscalDateEnding": "2016-12-31", "reportedCurrency": "USD", "totalRevenue": "994265", "totalOperatingExpense": "5422479", "costOfRevenue": "1226321", "grossProfit": "-232056", "ebit": "-8332386", "netIncome": "-9578630", "researchAndDevelopment": "343712", "effectOfAccountingCharges": "None", "incomeBeforeTax": "-9578630", "minorityInterest": "None", "sellingGeneralAdministrative": "3282199", "otherNonOperatingIncome": "None", "operatingIncome": "-4428214", "otherOperatingExpense": "570247", "interestExpense": "675997", "taxProvision": "None", "interestIncome": "-3436890", "netInterestIncome": "-675997", "extraordinaryItems": "None", "nonRecurring": "50000", "otherItems": "None", "incomeTaxExpense": "0", "totalOtherIncomeExpense": "-4474419", "discontinuedOperations": "None", "netIncomeFromContinuingOperations": "-9578630", "netIncomeApplicableToCommonShares": "-9658630", "preferredStockAndOtherAdjustments": "None"}, {"fiscalDateEnding": "2015-12-31", "reportedCurrency": "USD", "totalRevenue": "338860", "totalOperatingExpense": "7652831", "costOfRevenue": "1224650", "grossProfit": "-885790", "ebit": "-7313968", "netIncome": "-7209150", "researchAndDevelopment": "375817", "effectOfAccountingCharges": "None", "incomeBeforeTax": "-7209150", "minorityInterest": "None", "sellingGeneralAdministrative": "5518140", "otherNonOperatingIncome": "None", "operatingIncome": "-7313970", "otherOperatingExpense": "534220", "interestExpense": "-76723", "taxProvision": "None", "interestIncome": "101010", "netInterestIncome": "None", "extraordinaryItems": "None", "nonRecurring": "50000", "otherItems": "None", "incomeTaxExpense": "0", "totalOtherIncomeExpense": "104823", "discontinuedOperations": "None", "netIncomeFromContinuingOperations": "-7209145", "netIncomeApplicableToCommonShares": "-7862520", "preferredStockAndOtherAdjustments": "None"}], "quarterlyReports": [{"fiscalDateEnding": "2020-06-30", "reportedCurrency": "USD", "totalRevenue": "5283000", "totalOperatingExpense": "6133000", "costOfRevenue": "1607000", "grossProfit": "3676000", "ebit": "-1141000", "netIncome": "-1407000", "researchAndDevelopment": "265000", "effectOfAccountingCharges": "None", "incomeBeforeTax": "-1407000", "minorityInterest": "None", "sellingGeneralAdministrative": "4261000", "otherNonOperatingIncome": "None", "operatingIncome": "-850000", "otherOperatingExpense": "None", "interestExpense": "56000", "taxProvision": "None", "interestIncome": "None", "netInterestIncome": "-56000", "extraordinaryItems": "None", "nonRecurring": "None", "otherItems": "None", "incomeTaxExpense": "None", "totalOtherIncomeExpense": "-501000", "discontinuedOperations": "None", "netIncomeFromContinuingOperations": "-1407000", "netIncomeApplicableToCommonShares": "-1419000", "preferredStockAndOtherAdjustments": "None"}, {"fiscalDateEnding": "2020-03-31", "reportedCurrency": "USD", "totalRevenue": "4261000", "totalOperatingExpense": "5957000", "costOfRevenue": "1320000", "grossProfit": "2941000", "ebit": "-1495000", "netIncome": "-1664000", "researchAndDevelopment": "333000", "effectOfAccountingCharges": "None", "incomeBeforeTax": "-1664000", "minorityInterest": "None", "sellingGeneralAdministrative": "4304000", "otherNonOperatingIncome": "None", "operatingIncome": "-1696000", "otherOperatingExpense": "None", "interestExpense": "None", "taxProvision": "None", "interestIncome": "32000", "netInterestIncome": "4000", "extraordinaryItems": "None", "nonRecurring": "None", "otherItems": "None", "incomeTaxExpense": "None", "totalOtherIncomeExpense": "28000", "discontinuedOperations": "None", "netIncomeFromContinuingOperations": "-1664000", "netIncomeApplicableToCommonShares": "-1677000", "preferredStockAndOtherAdjustments": "None"}, {"fiscalDateEnding": "2019-12-31", "reportedCurrency": "USD", "totalRevenue": "3567417", "totalOperatingExpense": "5067608", "costOfRevenue": "1211397", "grossProfit": "2356020", "ebit": "-1312154", "netIncome": "-1426594", "researchAndDevelopment": "199654", "effectOfAccountingCharges": "None", "incomeBeforeTax": "-1426594", "minorityInterest": "None", "sellingGeneralAdministrative": "3656557", "otherNonOperatingIncome": "None", "operatingIncome": "-1500191", "otherOperatingExpense": "None", "interestExpense": "-36560", "taxProvision": "None", "interestIncome": "61600", "netInterestIncome": "-36560", "extraordinaryItems": "None", "nonRecurring": "None", "otherItems": "None", "incomeTaxExpense": "None", "totalOtherIncomeExpense": "110157", "discontinuedOperations": "None", "netIncomeFromContinuingOperations": "-1426594", "netIncomeApplicableToCommonShares": "-1439827", "preferredStockAndOtherAdjustments": "None"}, {"fiscalDateEnding": "2019-09-30", "reportedCurrency": "USD", "totalRevenue": "2776436", "totalOperatingExpense": "4934389", "costOfRevenue": "1121307", "grossProfit": "1655129", "ebit": "-1972577", "netIncome": "-2195243", "researchAndDevelopment": "139570", "effectOfAccountingCharges": "None", "incomeBeforeTax": "-2195243", "minorityInterest": "None", "sellingGeneralAdministrative": "3673512", "otherNonOperatingIncome": "None", "operatingIncome": "-2157953", "otherOperatingExpense": "None", "interestExpense": "-37746", "taxProvision": "None", "interestIncome": "-37290", "netInterestIncome": "-37746", "extraordinaryItems": "None", "nonRecurring": "None", "otherItems": "None", "incomeTaxExpense": "None", "totalOtherIncomeExpense": "456", "discontinuedOperations": "None", "netIncomeFromContinuingOperations": "-2195243", "netIncomeApplicableToCommonShares": "-2208476", "preferredStockAndOtherAdjustments": "None"}, {"fiscalDateEnding": "2019-06-30", "reportedCurrency": "USD", "totalRevenue": "2435622", "totalOperatingExpense": "4454515", "costOfRevenue": "1147424", "grossProfit": "1288198", "ebit": "-1843060", "netIncome": "-2020008", "researchAndDevelopment": "146577", "effectOfAccountingCharges": "None", "incomeBeforeTax": "-2020008", "minorityInterest": "None", "sellingGeneralAdministrative": "3160514", "otherNonOperatingIncome": "None", "operatingIncome": "-2018893", "otherOperatingExpense": "None", "interestExpense": "-929", "taxProvision": "None", "interestIncome": "-1120", "netInterestIncome": "-929", "extraordinaryItems": "None", "nonRecurring": "None", "otherItems": "None", "incomeTaxExpense": "None", "totalOtherIncomeExpense": "-186", "discontinuedOperations": "None", "netIncomeFromContinuingOperations": "-2020008", "netIncomeApplicableToCommonShares": "-2033097", "preferredStockAndOtherAdjustments": "None"}, {"fiscalDateEnding": "2019-03-31", "reportedCurrency": "USD", "totalRevenue": "1985680", "totalOperatingExpense": "4126438", "costOfRevenue": "902980", "grossProfit": "1082700", "ebit": "-1967485", "netIncome": "-2141430", "researchAndDevelopment": "215253", "effectOfAccountingCharges": "None", "incomeBeforeTax": "-2141430", "minorityInterest": "None", "sellingGeneralAdministrative": "3008200", "otherNonOperatingIncome": "None", "operatingIncome": "-2140760", "otherOperatingExpense": "None", "interestExpense": "-648", "taxProvision": "None", "interestIncome": "-670", "netInterestIncome": "-648", "extraordinaryItems": "None", "nonRecurring": "None", "otherItems": "None", "incomeTaxExpense": "None", "totalOtherIncomeExpense": "-18", "discontinuedOperations": "None", "netIncomeFromContinuingOperations": "-2141426", "netIncomeApplicableToCommonShares": "-2154370", "preferredStockAndOtherAdjustments": "None"}, {"fiscalDateEnding": "2018-12-31", "reportedCurrency": "USD", "totalRevenue": "1781875", "totalOperatingExpense": "2798311", "costOfRevenue": "744117", "grossProfit": "1037758", "ebit": "-1016436", "netIncome": "-1429700", "researchAndDevelopment": "46540", "effectOfAccountingCharges": "0", "incomeBeforeTax": "-1429700", "minorityInterest": "0", "sellingGeneralAdministrative": "2401892", "otherNonOperatingIncome": "None", "operatingIncome": "-1016436", "otherOperatingExpense": "0", "interestExpense": "-145242", "taxProvision": "None", "interestIncome": "None", "netInterestIncome": "None", "extraordinaryItems": "0", "nonRecurring": "0", "otherItems": "0", "incomeTaxExpense": "0", "totalOtherIncomeExpense": "-413264", "discontinuedOperations": "0", "netIncomeFromContinuingOperations": "-1429700", "netIncomeApplicableToCommonShares": "-1442933", "preferredStockAndOtherAdjustments": "None"}, {"fiscalDateEnding": "2018-09-30", "reportedCurrency": "USD", "totalRevenue": "1494313", "totalOperatingExpense": "2792777", "costOfRevenue": "672589", "grossProfit": "821724", "ebit": "-1298464", "netIncome": "-1333036", "researchAndDevelopment": "48860", "effectOfAccountingCharges": "0", "incomeBeforeTax": "-1333036", "minorityInterest": "0", "sellingGeneralAdministrative": "1942167", "otherNonOperatingIncome": "None", "operatingIncome": "-1298464", "otherOperatingExpense": "0", "interestExpense": "-32892", "taxProvision": "None", "interestIncome": "None", "netInterestIncome": "None", "extraordinaryItems": "0", "nonRecurring": "0", "otherItems": "0", "incomeTaxExpense": "0", "totalOtherIncomeExpense": "-34572", "discontinuedOperations": "0", "netIncomeFromContinuingOperations": "-1333036", "netIncomeApplicableToCommonShares": "-1346269", "preferredStockAndOtherAdjustments": "None"}, {"fiscalDateEnding": "2018-06-30", "reportedCurrency": "USD", "totalRevenue": "1234897", "totalOperatingExpense": "2330741", "costOfRevenue": "622645", "grossProfit": "612252", "ebit": "-1095844", "netIncome": "-1094527", "researchAndDevelopment": "49362", "effectOfAccountingCharges": "0", "incomeBeforeTax": "-1094527", "minorityInterest": "0", "sellingGeneralAdministrative": "1521322", "otherNonOperatingIncome": "None", "operatingIncome": "-1095844", "otherOperatingExpense": "-127665", "interestExpense": "-105", "taxProvision": "None", "interestIncome": "None", "netInterestIncome": "None", "extraordinaryItems": "0", "nonRecurring": "0", "otherItems": "0", "incomeTaxExpense": "0", "totalOtherIncomeExpense": "1317", "discontinuedOperations": "0", "netIncomeFromContinuingOperations": "-1094527", "netIncomeApplicableToCommonShares": "-1108051", "preferredStockAndOtherAdjustments": "None"}, {"fiscalDateEnding": "2018-03-31", "reportedCurrency": "USD", "totalRevenue": "1149342", "totalOperatingExpense": "2312418", "costOfRevenue": "587464", "grossProfit": "561878", "ebit": "-1163076", "netIncome": "-1162611", "researchAndDevelopment": "49667", "effectOfAccountingCharges": "0", "incomeBeforeTax": "-1162611", "minorityInterest": "0", "sellingGeneralAdministrative": "1547622", "otherNonOperatingIncome": "None", "operatingIncome": "-1163076", "otherOperatingExpense": "127665", "interestExpense": "-105", "taxProvision": "None", "interestIncome": "None", "netInterestIncome": "None", "extraordinaryItems": "0", "nonRecurring": "0", "otherItems": "0", "incomeTaxExpense": "0", "totalOtherIncomeExpense": "465", "discontinuedOperations": "0", "netIncomeFromContinuingOperations": "-1162611", "netIncomeApplicableToCommonShares": "-1176361", "preferredStockAndOtherAdjustments": "None"}, {"fiscalDateEnding": "2017-12-31", "reportedCurrency": "USD", "totalRevenue": "876000", "totalOperatingExpense": "-9659354", "costOfRevenue": "341000", "grossProfit": "692632", "ebit": "8557928", "netIncome": "-5790839", "researchAndDevelopment": "42000", "effectOfAccountingCharges": "0", "incomeBeforeTax": "-5790839", "minorityInterest": "0", "sellingGeneralAdministrative": "2039000", "otherNonOperatingIncome": "None", "operatingIncome": "8557928", "otherOperatingExpense": "-899694", "interestExpense": "-425513", "taxProvision": "None", "interestIncome": "None", "netInterestIncome": "None", "extraordinaryItems": "0", "nonRecurring": "0", "otherItems": "0", "incomeTaxExpense": "0", "totalOtherIncomeExpense": "-13395883", "discontinuedOperations": "0", "netIncomeFromContinuingOperations": "-4837955", "netIncomeApplicableToCommonShares": "-5846045", "preferredStockAndOtherAdjustments": "None"}, {"fiscalDateEnding": "2017-09-30", "reportedCurrency": "USD", "totalRevenue": "744000", "totalOperatingExpense": "24619374", "costOfRevenue": "262000", "grossProfit": "979261", "ebit": "-18855691", "netIncome": "183000", "researchAndDevelopment": "45000", "effectOfAccountingCharges": "0", "incomeBeforeTax": "183000", "minorityInterest": "0", "sellingGeneralAdministrative": "1231000", "otherNonOperatingIncome": "None", "operatingIncome": "-18855691", "otherOperatingExpense": "2163462", "interestExpense": "-733899", "taxProvision": "None", "interestIncome": "None", "netInterestIncome": "None", "extraordinaryItems": "0", "nonRecurring": "0", "otherItems": "0", "incomeTaxExpense": "0", "totalOtherIncomeExpense": "15485558", "discontinuedOperations": "0", "netIncomeFromContinuingOperations": "-3370133", "netIncomeApplicableToCommonShares": "163000", "preferredStockAndOtherAdjustments": "None"}, {"fiscalDateEnding": "2017-06-30", "reportedCurrency": "USD", "totalRevenue": "684000", "totalOperatingExpense": "-9250575", "costOfRevenue": "440000", "grossProfit": "-410064", "ebit": "6893250", "netIncome": "3403445", "researchAndDevelopment": "49000", "effectOfAccountingCharges": "0", "incomeBeforeTax": "3403445", "minorityInterest": "0", "sellingGeneralAdministrative": "1002000", "otherNonOperatingIncome": "None", "operatingIncome": "6893250", "otherOperatingExpense": "-870495", "interestExpense": "289704", "taxProvision": "None", "interestIncome": "None", "netInterestIncome": "None", "extraordinaryItems": "0", "nonRecurring": "0", "otherItems": "0", "incomeTaxExpense": "0", "totalOtherIncomeExpense": "-3489805", "discontinuedOperations": "0", "netIncomeFromContinuingOperations": "3403445", "netIncomeApplicableToCommonShares": "3523445", "preferredStockAndOtherAdjustments": "None"}, {"fiscalDateEnding": "2017-03-31", "reportedCurrency": "USD", "totalRevenue": "435000", "totalOperatingExpense": "1548640", "costOfRevenue": "341000", "grossProfit": "93465", "ebit": "-1114133", "netIncome": "-803196", "researchAndDevelopment": "45000", "effectOfAccountingCharges": "0", "incomeBeforeTax": "-803196", "minorityInterest": "0", "sellingGeneralAdministrative": "1063000", "otherNonOperatingIncome": "None", "operatingIncome": "-1114133", "otherOperatingExpense": "145488", "interestExpense": "-48284", "taxProvision": "None", "interestIncome": "None", "netInterestIncome": "None", "extraordinaryItems": "0", "nonRecurring": "0", "otherItems": "0", "incomeTaxExpense": "0", "totalOtherIncomeExpense": "310937", "discontinuedOperations": "0", "netIncomeFromContinuingOperations": "-803196", "netIncomeApplicableToCommonShares": "-823196", "preferredStockAndOtherAdjustments": "None"}, {"fiscalDateEnding": "2016-12-31", "reportedCurrency": "USD", "totalRevenue": "400000", "totalOperatingExpense": "5422479", "costOfRevenue": "323000", "grossProfit": "-232056", "ebit": "-4428214", "netIncome": "-9578630", "researchAndDevelopment": "88000", "effectOfAccountingCharges": "0", "incomeBeforeTax": "-9578630", "minorityInterest": "0", "sellingGeneralAdministrative": "966000", "otherNonOperatingIncome": "None", "operatingIncome": "-4428214", "otherOperatingExpense": "570247", "interestExpense": "-675997", "taxProvision": "None", "interestIncome": "None", "netInterestIncome": "None", "extraordinaryItems": "0", "nonRecurring": "50000", "otherItems": "0", "incomeTaxExpense": "0", "totalOtherIncomeExpense": "-5150416", "discontinuedOperations": "0", "netIncomeFromContinuingOperations": "-9578630", "netIncomeApplicableToCommonShares": "-9658630", "preferredStockAndOtherAdjustments": "None"}, {"fiscalDateEnding": "2016-09-30", "reportedCurrency": "USD", "totalRevenue": "282000", "totalOperatingExpense": "0", "costOfRevenue": "311000", "grossProfit": "0", "ebit": "0", "netIncome": "0", "researchAndDevelopment": "85000", "effectOfAccountingCharges": "0", "incomeBeforeTax": "0", "minorityInterest": "0", "sellingGeneralAdministrative": "879000", "otherNonOperatingIncome": "None", "operatingIncome": "0", "otherOperatingExpense": "0", "interestExpense": "-566000", "taxProvision": "None", "interestIncome": "None", "netInterestIncome": "None", "extraordinaryItems": "0", "nonRecurring": "0", "otherItems": "0", "incomeTaxExpense": "0", "totalOtherIncomeExpense": "0", "discontinuedOperations": "0", "netIncomeFromContinuingOperations": "0", "netIncomeApplicableToCommonShares": "0", "preferredStockAndOtherAdjustments": "None"}, {"fiscalDateEnding": "2016-06-30", "reportedCurrency": "USD", "totalRevenue": "187000", "totalOperatingExpense": "0", "costOfRevenue": "298000", "grossProfit": "0", "ebit": "0", "netIncome": "0", "researchAndDevelopment": "85000", "effectOfAccountingCharges": "0", "incomeBeforeTax": "0", "minorityInterest": "0", "sellingGeneralAdministrative": "1102000", "otherNonOperatingIncome": "None", "operatingIncome": "0", "otherOperatingExpense": "0", "interestExpense": "566000", "taxProvision": "None", "interestIncome": "None", "netInterestIncome": "None", "extraordinaryItems": "0", "nonRecurring": "0", "otherItems": "0", "incomeTaxExpense": "0", "totalOtherIncomeExpense": "0", "discontinuedOperations": "0", "netIncomeFromContinuingOperations": "0", "netIncomeApplicableToCommonShares": "0", "preferredStockAndOtherAdjustments": "None"}, {"fiscalDateEnding": "2016-03-31", "reportedCurrency": "USD", "totalRevenue": "125000", "totalOperatingExpense": "0", "costOfRevenue": "295000", "grossProfit": "0", "ebit": "0", "netIncome": "0", "researchAndDevelopment": "86000", "effectOfAccountingCharges": "0", "incomeBeforeTax": "0", "minorityInterest": "0", "sellingGeneralAdministrative": "680000", "otherNonOperatingIncome": "None", "operatingIncome": "0", "otherOperatingExpense": "0", "interestExpense": "110000", "taxProvision": "None", "interestIncome": "None", "netInterestIncome": "None", "extraordinaryItems": "0", "nonRecurring": "0", "otherItems": "0", "incomeTaxExpense": "0", "totalOtherIncomeExpense": "0", "discontinuedOperations": "0", "netIncomeFromContinuingOperations": "0", "netIncomeApplicableToCommonShares": "0", "preferredStockAndOtherAdjustments": "None"}, {"fiscalDateEnding": "2015-12-31", "reportedCurrency": "USD", "totalRevenue": "25000", "totalOperatingExpense": "7652831", "costOfRevenue": "46000", "grossProfit": "-885789", "ebit": "-7313968", "netIncome": "-7209145", "researchAndDevelopment": "82000", "effectOfAccountingCharges": "0", "incomeBeforeTax": "-7209145", "minorityInterest": "0", "sellingGeneralAdministrative": "691000", "otherNonOperatingIncome": "None", "operatingIncome": "-7313968", "otherOperatingExpense": "534220", "interestExpense": "-76723", "taxProvision": "None", "interestIncome": "None", "netInterestIncome": "None", "extraordinaryItems": "0", "nonRecurring": "50000", "otherItems": "0", "incomeTaxExpense": "0", "totalOtherIncomeExpense": "104823", "discontinuedOperations": "0", "netIncomeFromContinuingOperations": "-7209145", "netIncomeApplicableToCommonShares": "-7862519", "preferredStockAndOtherAdjustments": "None"}, {"fiscalDateEnding": "2015-09-30", "reportedCurrency": "USD", "totalRevenue": "109000", "totalOperatingExpense": "0", "costOfRevenue": "321000", "grossProfit": "0", "ebit": "0", "netIncome": "0", "researchAndDevelopment": "93000", "effectOfAccountingCharges": "0", "incomeBeforeTax": "0", "minorityInterest": "0", "sellingGeneralAdministrative": "238000", "otherNonOperatingIncome": "None", "operatingIncome": "0", "otherOperatingExpense": "0", "interestExpense": "0", "taxProvision": "None", "interestIncome": "None", "netInterestIncome": "None", "extraordinaryItems": "0", "nonRecurring": "0", "otherItems": "0", "incomeTaxExpense": "0", "totalOtherIncomeExpense": "0", "discontinuedOperations": "0", "netIncomeFromContinuingOperations": "0", "netIncomeApplicableToCommonShares": "0", "preferredStockAndOtherAdjustments": "None"}, {"fiscalDateEnding": "2015-06-30", "reportedCurrency": "USD", "totalRevenue": "104000", "totalOperatingExpense": "0", "costOfRevenue": "395000", "grossProfit": "0", "ebit": "0", "netIncome": "0", "researchAndDevelopment": "59000", "effectOfAccountingCharges": "0", "incomeBeforeTax": "0", "minorityInterest": "0", "sellingGeneralAdministrative": "2435000", "otherNonOperatingIncome": "None", "operatingIncome": "0", "otherOperatingExpense": "0", "interestExpense": "0", "taxProvision": "None", "interestIncome": "None", "netInterestIncome": "None", "extraordinaryItems": "0", "nonRecurring": "0", "otherItems": "0", "incomeTaxExpense": "0", "totalOtherIncomeExpense": "0", "discontinuedOperations": "0", "netIncomeFromContinuingOperations": "0", "netIncomeApplicableToCommonShares": "0", "preferredStockAndOtherAdjustments": "None"}]}