{"symbol": "AFIN", "annualReports": [{"fiscalDateEnding": "2019-12-31", "reportedCurrency": "USD", "totalRevenue": "299744000", "totalOperatingExpense": "236215000", "costOfRevenue": "52715000", "grossProfit": "247029000", "ebit": "206870000", "netIncome": "4147000", "researchAndDevelopment": "None", "effectOfAccountingCharges": "None", "incomeBeforeTax": "4163000", "minorityInterest": "18899000", "sellingGeneralAdministrative": "58787000", "otherNonOperatingIncome": "None", "operatingIncome": "63529000", "otherOperatingExpense": "None", "interestExpense": "77994000", "taxProvision": "None", "interestIncome": "-77994000", "netInterestIncome": "-77994000", "extraordinaryItems": "None", "nonRecurring": "None", "otherItems": "None", "incomeTaxExpense": "None", "totalOtherIncomeExpense": "18628000", "discontinuedOperations": "None", "netIncomeFromContinuingOperations": "4163000", "netIncomeApplicableToCommonShares": "-3101000", "preferredStockAndOtherAdjustments": "None"}, {"fiscalDateEnding": "2018-12-31", "reportedCurrency": "USD", "totalRevenue": "291207000", "totalOperatingExpense": "262848000", "costOfRevenue": "54068000", "grossProfit": "237139000", "ebit": "167439000", "netIncome": "-37409000", "researchAndDevelopment": "0", "effectOfAccountingCharges": "None", "incomeBeforeTax": "-37471000", "minorityInterest": "8335000", "sellingGeneralAdministrative": "53087000", "otherNonOperatingIncome": "None", "operatingIncome": "28359000", "otherOperatingExpense": "None", "interestExpense": "65003000", "taxProvision": "None", "interestIncome": "0", "netInterestIncome": "-71849000", "extraordinaryItems": "None", "nonRecurring": "None", "otherItems": "None", "incomeTaxExpense": "0", "totalOtherIncomeExpense": "6019000", "discontinuedOperations": "None", "netIncomeFromContinuingOperations": "-37471000", "netIncomeApplicableToCommonShares": "-37409000", "preferredStockAndOtherAdjustments": "None"}, {"fiscalDateEnding": "2017-12-31", "reportedCurrency": "USD", "totalRevenue": "269824000", "totalOperatingExpense": "238143000", "costOfRevenue": "42594000", "grossProfit": "227230000", "ebit": "165289000", "netIncome": "-46494000", "researchAndDevelopment": "0", "effectOfAccountingCharges": "None", "incomeBeforeTax": "-46577000", "minorityInterest": "4546000", "sellingGeneralAdministrative": "41522000", "otherNonOperatingIncome": "None", "operatingIncome": "31681000", "otherOperatingExpense": "None", "interestExpense": "57839000", "taxProvision": "None", "interestIncome": "1086000", "netInterestIncome": "-59350000", "extraordinaryItems": "None", "nonRecurring": "None", "otherItems": "None", "incomeTaxExpense": "0", "totalOtherIncomeExpense": "-18908000", "discontinuedOperations": "None", "netIncomeFromContinuingOperations": "-46577000", "netIncomeApplicableToCommonShares": "-46494000", "preferredStockAndOtherAdjustments": "None"}, {"fiscalDateEnding": "2016-12-31", "reportedCurrency": "USD", "totalRevenue": "176618000", "totalOperatingExpense": "143925000", "costOfRevenue": "13614000", "grossProfit": "163004000", "ebit": "97114000", "netIncome": "-54255000", "researchAndDevelopment": "0", "effectOfAccountingCharges": "None", "incomeBeforeTax": "-54255000", "minorityInterest": "4546000", "sellingGeneralAdministrative": "29168000", "otherNonOperatingIncome": "None", "operatingIncome": "32693000", "otherOperatingExpense": "None", "interestExpense": "49814000", "taxProvision": "None", "interestIncome": "1050000", "netInterestIncome": "-53203000", "extraordinaryItems": "None", "nonRecurring": "None", "otherItems": "None", "incomeTaxExpense": "0", "totalOtherIncomeExpense": "-33745000", "discontinuedOperations": "None", "netIncomeFromContinuingOperations": "-54255000", "netIncomeApplicableToCommonShares": "-54255000", "preferredStockAndOtherAdjustments": "None"}, {"fiscalDateEnding": "2015-12-31", "reportedCurrency": "USD", "totalRevenue": "174498000", "totalOperatingExpense": "141347000", "costOfRevenue": "26267000", "grossProfit": "148231000", "ebit": "33151000", "netIncome": "-21117000", "researchAndDevelopment": "0", "effectOfAccountingCharges": "None", "incomeBeforeTax": "-21117000", "minorityInterest": "4546000", "sellingGeneralAdministrative": "11314000", "otherNonOperatingIncome": "None", "operatingIncome": "25587000", "otherOperatingExpense": "None", "interestExpense": "-40891000", "taxProvision": "None", "interestIncome": "-46851000", "netInterestIncome": "None", "extraordinaryItems": "None", "nonRecurring": "None", "otherItems": "None", "incomeTaxExpense": "0", "totalOtherIncomeExpense": "-54268000", "discontinuedOperations": "None", "netIncomeFromContinuingOperations": "-21117000", "netIncomeApplicableToCommonShares": "-21117000", "preferredStockAndOtherAdjustments": "None"}], "quarterlyReports": [{"fiscalDateEnding": "2020-06-30", "reportedCurrency": "USD", "totalRevenue": "74934000", "totalOperatingExpense": "65013000", "costOfRevenue": "12541000", "grossProfit": "62393000", "ebit": "36040000", "netIncome": "-18184000", "researchAndDevelopment": "None", "effectOfAccountingCharges": "None", "incomeBeforeTax": "-18204000", "minorityInterest": "24678000", "sellingGeneralAdministrative": "17029000", "otherNonOperatingIncome": "None", "operatingIncome": "9921000", "otherOperatingExpense": "None", "interestExpense": "18801000", "taxProvision": "None", "interestIncome": "None", "netInterestIncome": "-18801000", "extraordinaryItems": "None", "nonRecurring": "None", "otherItems": "None", "incomeTaxExpense": "None", "totalOtherIncomeExpense": "-9324000", "discontinuedOperations": "None", "netIncomeFromContinuingOperations": "-18204000", "netIncomeApplicableToCommonShares": "-21803000", "preferredStockAndOtherAdjustments": "None"}, {"fiscalDateEnding": "2020-03-31", "reportedCurrency": "USD", "totalRevenue": "74564000", "totalOperatingExpense": "62061000", "costOfRevenue": "12282000", "grossProfit": "62282000", "ebit": "47898000", "netIncome": "-5534000", "researchAndDevelopment": "None", "effectOfAccountingCharges": "None", "incomeBeforeTax": "-5543000", "minorityInterest": "21806000", "sellingGeneralAdministrative": "15444000", "otherNonOperatingIncome": "None", "operatingIncome": "12503000", "otherOperatingExpense": "None", "interestExpense": "19106000", "taxProvision": "None", "interestIncome": "-19106000", "netInterestIncome": "-19106000", "extraordinaryItems": "None", "nonRecurring": "None", "otherItems": "None", "incomeTaxExpense": "None", "totalOtherIncomeExpense": "1060000", "discontinuedOperations": "None", "netIncomeFromContinuingOperations": "-5543000", "netIncomeApplicableToCommonShares": "-9153000", "preferredStockAndOtherAdjustments": "None"}, {"fiscalDateEnding": "2019-12-31", "reportedCurrency": "USD", "totalRevenue": "76231000", "totalOperatingExpense": "60434000", "costOfRevenue": "14344000", "grossProfit": "61887000", "ebit": "49463000", "netIncome": "-1330000", "researchAndDevelopment": "None", "effectOfAccountingCharges": "None", "incomeBeforeTax": "-1329000", "minorityInterest": "18899000", "sellingGeneralAdministrative": "14288000", "otherNonOperatingIncome": "None", "operatingIncome": "15797000", "otherOperatingExpense": "None", "interestExpense": "18990000", "taxProvision": "None", "interestIncome": "-18990000", "netInterestIncome": "-18990000", "extraordinaryItems": "None", "nonRecurring": "None", "otherItems": "None", "incomeTaxExpense": "None", "totalOtherIncomeExpense": "1864000", "discontinuedOperations": "None", "netIncomeFromContinuingOperations": "-1329000", "netIncomeApplicableToCommonShares": "-4827000", "preferredStockAndOtherAdjustments": "None"}, {"fiscalDateEnding": "2019-09-30", "reportedCurrency": "USD", "totalRevenue": "72863000", "totalOperatingExpense": "55634000", "costOfRevenue": "12398000", "grossProfit": "60465000", "ebit": "48622000", "netIncome": "148000", "researchAndDevelopment": "None", "effectOfAccountingCharges": "None", "incomeBeforeTax": "152000", "minorityInterest": "15960000", "sellingGeneralAdministrative": "13335000", "otherNonOperatingIncome": "None", "operatingIncome": "17229000", "otherOperatingExpense": "None", "interestExpense": "18569000", "taxProvision": "None", "interestIncome": "-18569000", "netInterestIncome": "-18569000", "extraordinaryItems": "None", "nonRecurring": "None", "otherItems": "None", "incomeTaxExpense": "None", "totalOtherIncomeExpense": "1492000", "discontinuedOperations": "None", "netIncomeFromContinuingOperations": "152000", "netIncomeApplicableToCommonShares": "-2931000", "preferredStockAndOtherAdjustments": "None"}, {"fiscalDateEnding": "2019-06-30", "reportedCurrency": "USD", "totalRevenue": "79109000", "totalOperatingExpense": "60105000", "costOfRevenue": "13137000", "grossProfit": "65972000", "ebit": "61459000", "netIncome": "8526000", "researchAndDevelopment": "None", "effectOfAccountingCharges": "None", "incomeBeforeTax": "8540000", "minorityInterest": "13182000", "sellingGeneralAdministrative": "16044000", "otherNonOperatingIncome": "None", "operatingIncome": "19004000", "otherOperatingExpense": "None", "interestExpense": "21995000", "taxProvision": "None", "interestIncome": "-21995000", "netInterestIncome": "-21995000", "extraordinaryItems": "None", "nonRecurring": "None", "otherItems": "None", "incomeTaxExpense": "None", "totalOtherIncomeExpense": "11531000", "discontinuedOperations": "None", "netIncomeFromContinuingOperations": "8540000", "netIncomeApplicableToCommonShares": "7884000", "preferredStockAndOtherAdjustments": "None"}, {"fiscalDateEnding": "2019-03-31", "reportedCurrency": "USD", "totalRevenue": "71541000", "totalOperatingExpense": "60042000", "costOfRevenue": "18874000", "grossProfit": "52667000", "ebit": "47326000", "netIncome": "-3197000", "researchAndDevelopment": "None", "effectOfAccountingCharges": "None", "incomeBeforeTax": "-3200000", "minorityInterest": "11037000", "sellingGeneralAdministrative": "9082000", "otherNonOperatingIncome": "None", "operatingIncome": "9822000", "otherOperatingExpense": "None", "interestExpense": "18440000", "taxProvision": "None", "interestIncome": "-18440000", "netInterestIncome": "-18440000", "extraordinaryItems": "None", "nonRecurring": "None", "otherItems": "None", "incomeTaxExpense": "None", "totalOtherIncomeExpense": "3741000", "discontinuedOperations": "None", "netIncomeFromContinuingOperations": "-3200000", "netIncomeApplicableToCommonShares": "-3227000", "preferredStockAndOtherAdjustments": "None"}, {"fiscalDateEnding": "2018-12-31", "reportedCurrency": "USD", "totalRevenue": "75092000", "totalOperatingExpense": "62972000", "costOfRevenue": "21092000", "grossProfit": "54000000", "ebit": "12120000", "netIncome": "-13524000", "researchAndDevelopment": "0", "effectOfAccountingCharges": "0", "incomeBeforeTax": "-13546000", "minorityInterest": "8335000", "sellingGeneralAdministrative": "6576000", "otherNonOperatingIncome": "None", "operatingIncome": "12120000", "otherOperatingExpense": "0", "interestExpense": "-17623000", "taxProvision": "None", "interestIncome": "None", "netInterestIncome": "None", "extraordinaryItems": "0", "nonRecurring": "0", "otherItems": "0", "incomeTaxExpense": "0", "totalOtherIncomeExpense": "-25666000", "discontinuedOperations": "0", "netIncomeFromContinuingOperations": "-13546000", "netIncomeApplicableToCommonShares": "-13524000", "preferredStockAndOtherAdjustments": "None"}, {"fiscalDateEnding": "2018-09-30", "reportedCurrency": "USD", "totalRevenue": "74888000", "totalOperatingExpense": "64553000", "costOfRevenue": "20532000", "grossProfit": "54356000", "ebit": "10335000", "netIncome": "-27245000", "researchAndDevelopment": "0", "effectOfAccountingCharges": "0", "incomeBeforeTax": "-27291000", "minorityInterest": "5738000", "sellingGeneralAdministrative": "6539000", "otherNonOperatingIncome": "None", "operatingIncome": "10335000", "otherOperatingExpense": "0", "interestExpense": "-17017000", "taxProvision": "None", "interestIncome": "None", "netInterestIncome": "None", "extraordinaryItems": "0", "nonRecurring": "0", "otherItems": "0", "incomeTaxExpense": "0", "totalOtherIncomeExpense": "-37626000", "discontinuedOperations": "0", "netIncomeFromContinuingOperations": "-27291000", "netIncomeApplicableToCommonShares": "-27245000", "preferredStockAndOtherAdjustments": "None"}, {"fiscalDateEnding": "2018-06-30", "reportedCurrency": "USD", "totalRevenue": "71108000", "totalOperatingExpense": "62178000", "costOfRevenue": "20228000", "grossProfit": "50880000", "ebit": "8930000", "netIncome": "-12041000", "researchAndDevelopment": "0", "effectOfAccountingCharges": "0", "incomeBeforeTax": "-12065000", "minorityInterest": "4421000", "sellingGeneralAdministrative": "6512000", "otherNonOperatingIncome": "None", "operatingIncome": "8930000", "otherOperatingExpense": "0", "interestExpense": "-16042000", "taxProvision": "None", "interestIncome": "None", "netInterestIncome": "None", "extraordinaryItems": "0", "nonRecurring": "0", "otherItems": "0", "incomeTaxExpense": "0", "totalOtherIncomeExpense": "-20995000", "discontinuedOperations": "0", "netIncomeFromContinuingOperations": "-12065000", "netIncomeApplicableToCommonShares": "-12041000", "preferredStockAndOtherAdjustments": "None"}, {"fiscalDateEnding": "2018-03-31", "reportedCurrency": "USD", "totalRevenue": "70119000", "totalOperatingExpense": "62800000", "costOfRevenue": "20800000", "grossProfit": "49319000", "ebit": "7319000", "netIncome": "15401000", "researchAndDevelopment": "0", "effectOfAccountingCharges": "0", "incomeBeforeTax": "15431000", "minorityInterest": "4511000", "sellingGeneralAdministrative": "5501000", "otherNonOperatingIncome": "None", "operatingIncome": "7319000", "otherOperatingExpense": "0", "interestExpense": "-16107000", "taxProvision": "None", "interestIncome": "None", "netInterestIncome": "None", "extraordinaryItems": "0", "nonRecurring": "0", "otherItems": "0", "incomeTaxExpense": "0", "totalOtherIncomeExpense": "8112000", "discontinuedOperations": "0", "netIncomeFromContinuingOperations": "15431000", "netIncomeApplicableToCommonShares": "15401000", "preferredStockAndOtherAdjustments": "None"}, {"fiscalDateEnding": "2017-12-31", "reportedCurrency": "USD", "totalRevenue": "72354000", "totalOperatingExpense": "306930000", "costOfRevenue": "77448000", "grossProfit": "203452000", "ebit": "37465000", "netIncome": "-31127000", "researchAndDevelopment": "0", "effectOfAccountingCharges": "0", "incomeBeforeTax": "-46577000", "minorityInterest": "9389000", "sellingGeneralAdministrative": "20614000", "otherNonOperatingIncome": "None", "operatingIncome": "29988000", "otherOperatingExpense": "0", "interestExpense": "15393000", "taxProvision": "None", "interestIncome": "None", "netInterestIncome": "None", "extraordinaryItems": "0", "nonRecurring": "0", "otherItems": "0", "incomeTaxExpense": "0", "totalOtherIncomeExpense": "-61168000", "discontinuedOperations": "0", "netIncomeFromContinuingOperations": "-33226000", "netIncomeApplicableToCommonShares": "-33169000", "preferredStockAndOtherAdjustments": "None"}, {"fiscalDateEnding": "2017-09-30", "reportedCurrency": "USD", "totalRevenue": "69729000", "totalOperatingExpense": "-128897000", "costOfRevenue": "70906000", "grossProfit": "0", "ebit": "-16195000", "netIncome": "-14346000", "researchAndDevelopment": "0", "effectOfAccountingCharges": "0", "incomeBeforeTax": "0", "minorityInterest": "-9590000", "sellingGeneralAdministrative": "0", "otherNonOperatingIncome": "None", "operatingIncome": "-6069000", "otherOperatingExpense": "0", "interestExpense": "14502000", "taxProvision": "None", "interestIncome": "None", "netInterestIncome": "None", "extraordinaryItems": "0", "nonRecurring": "0", "otherItems": "0", "incomeTaxExpense": "0", "totalOtherIncomeExpense": "-8305000", "discontinuedOperations": "0", "netIncomeFromContinuingOperations": "-12328000", "netIncomeApplicableToCommonShares": "-12304000", "preferredStockAndOtherAdjustments": "None"}, {"fiscalDateEnding": "2017-06-30", "reportedCurrency": "USD", "totalRevenue": "71607000", "totalOperatingExpense": "64066000", "costOfRevenue": "66715000", "grossProfit": "0", "ebit": "7541000", "netIncome": "9696000", "researchAndDevelopment": "0", "effectOfAccountingCharges": "0", "incomeBeforeTax": "0", "minorityInterest": "4747000", "sellingGeneralAdministrative": "0", "otherNonOperatingIncome": "None", "operatingIncome": "4892000", "otherOperatingExpense": "0", "interestExpense": "14625000", "taxProvision": "None", "interestIncome": "None", "netInterestIncome": "None", "extraordinaryItems": "0", "nonRecurring": "0", "otherItems": "0", "incomeTaxExpense": "0", "totalOtherIncomeExpense": "4556000", "discontinuedOperations": "0", "netIncomeFromContinuingOperations": "-1023000", "netIncomeApplicableToCommonShares": "-1021000", "preferredStockAndOtherAdjustments": "None"}, {"fiscalDateEnding": "2017-03-31", "reportedCurrency": "USD", "totalRevenue": "57220000", "totalOperatingExpense": "0", "costOfRevenue": "57479000", "grossProfit": "0", "ebit": "0", "netIncome": "-10717000", "researchAndDevelopment": "0", "effectOfAccountingCharges": "0", "incomeBeforeTax": "0", "minorityInterest": "0", "sellingGeneralAdministrative": "0", "otherNonOperatingIncome": "None", "operatingIncome": "-259000", "otherOperatingExpense": "0", "interestExpense": "15785000", "taxProvision": "None", "interestIncome": "None", "netInterestIncome": "None", "extraordinaryItems": "0", "nonRecurring": "0", "otherItems": "0", "incomeTaxExpense": "0", "totalOtherIncomeExpense": "-10471000", "discontinuedOperations": "0", "netIncomeFromContinuingOperations": "0", "netIncomeApplicableToCommonShares": "0", "preferredStockAndOtherAdjustments": "None"}, {"fiscalDateEnding": "2016-12-31", "reportedCurrency": "USD", "totalRevenue": "44847000", "totalOperatingExpense": "150988000", "costOfRevenue": "63764000", "grossProfit": "138991000", "ebit": "26680000", "netIncome": "-45526000", "researchAndDevelopment": "0", "effectOfAccountingCharges": "0", "incomeBeforeTax": "-54255000", "minorityInterest": "4546000", "sellingGeneralAdministrative": "11168000", "otherNonOperatingIncome": "None", "operatingIncome": "22875000", "otherOperatingExpense": "0", "interestExpense": "16720000", "taxProvision": "None", "interestIncome": "None", "netInterestIncome": "None", "extraordinaryItems": "0", "nonRecurring": "0", "otherItems": "0", "incomeTaxExpense": "0", "totalOtherIncomeExpense": "-68401000", "discontinuedOperations": "0", "netIncomeFromContinuingOperations": "-54255000", "netIncomeApplicableToCommonShares": "-54255000", "preferredStockAndOtherAdjustments": "None"}, {"fiscalDateEnding": "2016-09-30", "reportedCurrency": "USD", "totalRevenue": "44758000", "totalOperatingExpense": "0", "costOfRevenue": "40953000", "grossProfit": "0", "ebit": "0", "netIncome": "-4652000", "researchAndDevelopment": "0", "effectOfAccountingCharges": "0", "incomeBeforeTax": "0", "minorityInterest": "0", "sellingGeneralAdministrative": "0", "otherNonOperatingIncome": "None", "operatingIncome": "3805000", "otherOperatingExpense": "0", "interestExpense": "12574000", "taxProvision": "None", "interestIncome": "None", "netInterestIncome": "None", "extraordinaryItems": "0", "nonRecurring": "0", "otherItems": "0", "incomeTaxExpense": "0", "totalOtherIncomeExpense": "-699000", "discontinuedOperations": "0", "netIncomeFromContinuingOperations": "0", "netIncomeApplicableToCommonShares": "0", "preferredStockAndOtherAdjustments": "None"}, {"fiscalDateEnding": "2016-06-30", "reportedCurrency": "USD", "totalRevenue": "44277000", "totalOperatingExpense": "0", "costOfRevenue": "36519000", "grossProfit": "0", "ebit": "0", "netIncome": "1777000", "researchAndDevelopment": "0", "effectOfAccountingCharges": "0", "incomeBeforeTax": "0", "minorityInterest": "0", "sellingGeneralAdministrative": "0", "otherNonOperatingIncome": "None", "operatingIncome": "7758000", "otherOperatingExpense": "0", "interestExpense": "12328000", "taxProvision": "None", "interestIncome": "None", "netInterestIncome": "None", "extraordinaryItems": "0", "nonRecurring": "0", "otherItems": "0", "incomeTaxExpense": "0", "totalOtherIncomeExpense": "754000", "discontinuedOperations": "0", "netIncomeFromContinuingOperations": "0", "netIncomeApplicableToCommonShares": "0", "preferredStockAndOtherAdjustments": "None"}, {"fiscalDateEnding": "2016-03-31", "reportedCurrency": "USD", "totalRevenue": "43786000", "totalOperatingExpense": "0", "costOfRevenue": "37051000", "grossProfit": "0", "ebit": "0", "netIncome": "-5854000", "researchAndDevelopment": "0", "effectOfAccountingCharges": "0", "incomeBeforeTax": "0", "minorityInterest": "0", "sellingGeneralAdministrative": "0", "otherNonOperatingIncome": "None", "operatingIncome": "6735000", "otherOperatingExpense": "0", "interestExpense": "12631000", "taxProvision": "None", "interestIncome": "None", "netInterestIncome": "None", "extraordinaryItems": "0", "nonRecurring": "0", "otherItems": "0", "incomeTaxExpense": "0", "totalOtherIncomeExpense": "-12589000", "discontinuedOperations": "0", "netIncomeFromContinuingOperations": "0", "netIncomeApplicableToCommonShares": "0", "preferredStockAndOtherAdjustments": "None"}, {"fiscalDateEnding": "2015-12-31", "reportedCurrency": "USD", "totalRevenue": "130447000", "totalOperatingExpense": "141347000", "costOfRevenue": "28487000", "grossProfit": "146011000", "ebit": "33151000", "netIncome": "-9689000", "researchAndDevelopment": "0", "effectOfAccountingCharges": "0", "incomeBeforeTax": "-21117000", "minorityInterest": "4546000", "sellingGeneralAdministrative": "11314000", "otherNonOperatingIncome": "None", "operatingIncome": "25978000", "otherOperatingExpense": "0", "interestExpense": "-52188000", "taxProvision": "None", "interestIncome": "None", "netInterestIncome": "None", "extraordinaryItems": "0", "nonRecurring": "0", "otherItems": "0", "incomeTaxExpense": "0", "totalOtherIncomeExpense": "-35667000", "discontinuedOperations": "0", "netIncomeFromContinuingOperations": "-21117000", "netIncomeApplicableToCommonShares": "-21117000", "preferredStockAndOtherAdjustments": "None"}, {"fiscalDateEnding": "2015-09-30", "reportedCurrency": "USD", "totalRevenue": "782000", "totalOperatingExpense": "0", "costOfRevenue": "0", "grossProfit": "0", "ebit": "0", "netIncome": "-9804000", "researchAndDevelopment": "0", "effectOfAccountingCharges": "0", "incomeBeforeTax": "0", "minorityInterest": "0", "sellingGeneralAdministrative": "0", "otherNonOperatingIncome": "None", "operatingIncome": "754000", "otherOperatingExpense": "0", "interestExpense": "3058000", "taxProvision": "None", "interestIncome": "None", "netInterestIncome": "None", "extraordinaryItems": "0", "nonRecurring": "0", "otherItems": "0", "incomeTaxExpense": "0", "totalOtherIncomeExpense": "-10558000", "discontinuedOperations": "0", "netIncomeFromContinuingOperations": "0", "netIncomeApplicableToCommonShares": "0", "preferredStockAndOtherAdjustments": "None"}, {"fiscalDateEnding": "2015-06-30", "reportedCurrency": "USD", "totalRevenue": "403000", "totalOperatingExpense": "0", "costOfRevenue": "0", "grossProfit": "0", "ebit": "0", "netIncome": "-6525000", "researchAndDevelopment": "0", "effectOfAccountingCharges": "0", "incomeBeforeTax": "0", "minorityInterest": "0", "sellingGeneralAdministrative": "0", "otherNonOperatingIncome": "None", "operatingIncome": "-5897000", "otherOperatingExpense": "0", "interestExpense": "79000", "taxProvision": "None", "interestIncome": "None", "netInterestIncome": "None", "extraordinaryItems": "0", "nonRecurring": "0", "otherItems": "0", "incomeTaxExpense": "0", "totalOtherIncomeExpense": "-628000", "discontinuedOperations": "0", "netIncomeFromContinuingOperations": "0", "netIncomeApplicableToCommonShares": "0", "preferredStockAndOtherAdjustments": "None"}]}