{"symbol": "AIM", "annualReports": [{"fiscalDateEnding": "2020-01-31", "reportedCurrency": "USD", "totalRevenue": "140000", "totalOperatingExpense": "12583000", "costOfRevenue": "893000", "grossProfit": "-753000", "ebit": "-8314000", "netIncome": "-9533000", "researchAndDevelopment": "4651000", "effectOfAccountingCharges": "None", "incomeBeforeTax": "-9533000", "minorityInterest": "None", "sellingGeneralAdministrative": "7039000", "otherNonOperatingIncome": "None", "operatingIncome": "-12443000", "otherOperatingExpense": "None", "interestExpense": "427000", "taxProvision": "None", "interestIncome": "89000", "netInterestIncome": "-338000", "extraordinaryItems": "None", "nonRecurring": "None", "otherItems": "None", "incomeTaxExpense": "None", "totalOtherIncomeExpense": "3248000", "discontinuedOperations": "None", "netIncomeFromContinuingOperations": "-9533000", "netIncomeApplicableToCommonShares": "-9533000", "preferredStockAndOtherAdjustments": "None"}, {"fiscalDateEnding": "2019-12-31", "reportedCurrency": "USD", "totalRevenue": "140000", "totalOperatingExpense": "12583000", "costOfRevenue": "893000", "grossProfit": "-753000", "ebit": "-8314000", "netIncome": "-9533000", "researchAndDevelopment": "4651000", "effectOfAccountingCharges": "None", "incomeBeforeTax": "-9533000", "minorityInterest": "None", "sellingGeneralAdministrative": "7039000", "otherNonOperatingIncome": "None", "operatingIncome": "-12443000", "otherOperatingExpense": "None", "interestExpense": "427000", "taxProvision": "None", "interestIncome": "89000", "netInterestIncome": "-338000", "extraordinaryItems": "None", "nonRecurring": "None", "otherItems": "None", "incomeTaxExpense": "None", "totalOtherIncomeExpense": "3248000", "discontinuedOperations": "None", "netIncomeFromContinuingOperations": "-9533000", "netIncomeApplicableToCommonShares": "-9533000", "preferredStockAndOtherAdjustments": "None"}, {"fiscalDateEnding": "2019-01-31", "reportedCurrency": "USD", "totalRevenue": "367000", "totalOperatingExpense": "11863000", "costOfRevenue": "884000", "grossProfit": "-517000", "ebit": "-8433000", "netIncome": "-9813000", "researchAndDevelopment": "4778000", "effectOfAccountingCharges": "None", "incomeBeforeTax": "-9813000", "minorityInterest": "None", "sellingGeneralAdministrative": "6201000", "otherNonOperatingIncome": "None", "operatingIncome": "-11496000", "otherOperatingExpense": "None", "interestExpense": "502000", "taxProvision": "None", "interestIncome": "46000", "netInterestIncome": "-456000", "extraordinaryItems": "None", "nonRecurring": "None", "otherItems": "None", "incomeTaxExpense": "None", "totalOtherIncomeExpense": "2139000", "discontinuedOperations": "None", "netIncomeFromContinuingOperations": "-9813000", "netIncomeApplicableToCommonShares": "-9827000", "preferredStockAndOtherAdjustments": "None"}, {"fiscalDateEnding": "2018-12-31", "reportedCurrency": "USD", "totalRevenue": "367000", "totalOperatingExpense": "11863000", "costOfRevenue": "884000", "grossProfit": "-517000", "ebit": "-8433000", "netIncome": "-9813000", "researchAndDevelopment": "4778000", "effectOfAccountingCharges": "None", "incomeBeforeTax": "-9813000", "minorityInterest": "None", "sellingGeneralAdministrative": "6201000", "otherNonOperatingIncome": "None", "operatingIncome": "-11496000", "otherOperatingExpense": "None", "interestExpense": "502000", "taxProvision": "None", "interestIncome": "46000", "netInterestIncome": "-456000", "extraordinaryItems": "None", "nonRecurring": "None", "otherItems": "None", "incomeTaxExpense": "None", "totalOtherIncomeExpense": "2139000", "discontinuedOperations": "None", "netIncomeFromContinuingOperations": "-9813000", "netIncomeApplicableToCommonShares": "-9827000", "preferredStockAndOtherAdjustments": "None"}, {"fiscalDateEnding": "2018-01-31", "reportedCurrency": "USD", "totalRevenue": "437000", "totalOperatingExpense": "11853000", "costOfRevenue": "1183000", "grossProfit": "-746000", "ebit": "-7109000", "netIncome": "-8259000", "researchAndDevelopment": "4098000", "effectOfAccountingCharges": "None", "incomeBeforeTax": "-8259000", "minorityInterest": "None", "sellingGeneralAdministrative": "6572000", "otherNonOperatingIncome": "None", "operatingIncome": "-11416000", "otherOperatingExpense": "None", "interestExpense": "139000", "taxProvision": "None", "interestIncome": "88000", "netInterestIncome": "-51000", "extraordinaryItems": "None", "nonRecurring": "None", "otherItems": "None", "incomeTaxExpense": "None", "totalOtherIncomeExpense": "3208000", "discontinuedOperations": "None", "netIncomeFromContinuingOperations": "-8259000", "netIncomeApplicableToCommonShares": "-8259000", "preferredStockAndOtherAdjustments": "None"}], "quarterlyReports": [{"fiscalDateEnding": "2020-04-30", "reportedCurrency": "USD", "totalRevenue": "40000", "totalOperatingExpense": "3380000", "costOfRevenue": "200000", "grossProfit": "-160000", "ebit": "-3095000", "netIncome": "-3370000", "researchAndDevelopment": "1463000", "effectOfAccountingCharges": "None", "incomeBeforeTax": "-3370000", "minorityInterest": "None", "sellingGeneralAdministrative": "1717000", "otherNonOperatingIncome": "None", "operatingIncome": "-3340000", "otherOperatingExpense": "None", "interestExpense": "249000", "taxProvision": "None", "interestIncome": "46000", "netInterestIncome": "-203000", "extraordinaryItems": "None", "nonRecurring": "None", "otherItems": "None", "incomeTaxExpense": "None", "totalOtherIncomeExpense": "173000", "discontinuedOperations": "None", "netIncomeFromContinuingOperations": "-3370000", "netIncomeApplicableToCommonShares": "-3370000", "preferredStockAndOtherAdjustments": "None"}, {"fiscalDateEnding": "2020-01-31", "reportedCurrency": "USD", "totalRevenue": "45000", "totalOperatingExpense": "3370000", "costOfRevenue": "204000", "grossProfit": "-159000", "ebit": "-3105000", "netIncome": "-3808000", "researchAndDevelopment": "898000", "effectOfAccountingCharges": "None", "incomeBeforeTax": "-3808000", "minorityInterest": "None", "sellingGeneralAdministrative": "2268000", "otherNonOperatingIncome": "None", "operatingIncome": "-3325000", "otherOperatingExpense": "None", "interestExpense": "322000", "taxProvision": "None", "interestIncome": "21000", "netInterestIncome": "-301000", "extraordinaryItems": "None", "nonRecurring": "None", "otherItems": "None", "incomeTaxExpense": "None", "totalOtherIncomeExpense": "-182000", "discontinuedOperations": "None", "netIncomeFromContinuingOperations": "-3808000", "netIncomeApplicableToCommonShares": "-3808000", "preferredStockAndOtherAdjustments": "None"}, {"fiscalDateEnding": "2019-10-31", "reportedCurrency": "USD", "totalRevenue": "50000", "totalOperatingExpense": "3138000", "costOfRevenue": "217000", "grossProfit": "-167000", "ebit": "-1116000", "netIncome": "-1188000", "researchAndDevelopment": "1437000", "effectOfAccountingCharges": "None", "incomeBeforeTax": "-1188000", "minorityInterest": "None", "sellingGeneralAdministrative": "1484000", "otherNonOperatingIncome": "None", "operatingIncome": "-3088000", "otherOperatingExpense": "None", "interestExpense": "-110000", "taxProvision": "None", "interestIncome": "53000", "netInterestIncome": "163000", "extraordinaryItems": "None", "nonRecurring": "None", "otherItems": "None", "incomeTaxExpense": "None", "totalOtherIncomeExpense": "1737000", "discontinuedOperations": "None", "netIncomeFromContinuingOperations": "-1188000", "netIncomeApplicableToCommonShares": "-1188000", "preferredStockAndOtherAdjustments": "None"}, {"fiscalDateEnding": "2019-07-31", "reportedCurrency": "USD", "totalRevenue": "61000", "totalOperatingExpense": "3266000", "costOfRevenue": "230000", "grossProfit": "-169000", "ebit": "-2560000", "netIncome": "-2948000", "researchAndDevelopment": "1190000", "effectOfAccountingCharges": "None", "incomeBeforeTax": "-2948000", "minorityInterest": "None", "sellingGeneralAdministrative": "1846000", "otherNonOperatingIncome": "None", "operatingIncome": "-3205000", "otherOperatingExpense": "None", "interestExpense": "193000", "taxProvision": "None", "interestIncome": "8000", "netInterestIncome": "-185000", "extraordinaryItems": "None", "nonRecurring": "None", "otherItems": "None", "incomeTaxExpense": "None", "totalOtherIncomeExpense": "442000", "discontinuedOperations": "None", "netIncomeFromContinuingOperations": "-2948000", "netIncomeApplicableToCommonShares": "-2948000", "preferredStockAndOtherAdjustments": "None"}, {"fiscalDateEnding": "2019-04-30", "reportedCurrency": "USD", "totalRevenue": "29000", "totalOperatingExpense": "3253000", "costOfRevenue": "215000", "grossProfit": "-186000", "ebit": "-1737000", "netIncome": "-2029000", "researchAndDevelopment": "1096000", "effectOfAccountingCharges": "None", "incomeBeforeTax": "-2029000", "minorityInterest": "None", "sellingGeneralAdministrative": "1942000", "otherNonOperatingIncome": "None", "operatingIncome": "-3224000", "otherOperatingExpense": "None", "interestExpense": "99000", "taxProvision": "None", "interestIncome": "16000", "netInterestIncome": "-83000", "extraordinaryItems": "None", "nonRecurring": "None", "otherItems": "None", "incomeTaxExpense": "None", "totalOtherIncomeExpense": "1278000", "discontinuedOperations": "None", "netIncomeFromContinuingOperations": "-2029000", "netIncomeApplicableToCommonShares": "-2029000", "preferredStockAndOtherAdjustments": "None"}, {"fiscalDateEnding": "2018-12-31", "reportedCurrency": "USD", "totalRevenue": "240000", "totalOperatingExpense": "2860000", "costOfRevenue": "282000", "grossProfit": "-42000", "ebit": "-2620000", "netIncome": "-1607000", "researchAndDevelopment": "946000", "effectOfAccountingCharges": "None", "incomeBeforeTax": "-1607000", "minorityInterest": "None", "sellingGeneralAdministrative": "1632000", "otherNonOperatingIncome": "None", "operatingIncome": "-2620000", "otherOperatingExpense": "None", "interestExpense": "-250000", "taxProvision": "None", "interestIncome": "None", "netInterestIncome": "None", "extraordinaryItems": "None", "nonRecurring": "None", "otherItems": "None", "incomeTaxExpense": "None", "totalOtherIncomeExpense": "1013000", "discontinuedOperations": "None", "netIncomeFromContinuingOperations": "-1607000", "netIncomeApplicableToCommonShares": "-1607000", "preferredStockAndOtherAdjustments": "None"}, {"fiscalDateEnding": "2018-09-30", "reportedCurrency": "USD", "totalRevenue": "38000", "totalOperatingExpense": "3076000", "costOfRevenue": "208000", "grossProfit": "-170000", "ebit": "-3038000", "netIncome": "-3078000", "researchAndDevelopment": "1595000", "effectOfAccountingCharges": "None", "incomeBeforeTax": "-3078000", "minorityInterest": "None", "sellingGeneralAdministrative": "1273000", "otherNonOperatingIncome": "None", "operatingIncome": "-3038000", "otherOperatingExpense": "None", "interestExpense": "-59000", "taxProvision": "None", "interestIncome": "None", "netInterestIncome": "None", "extraordinaryItems": "None", "nonRecurring": "None", "otherItems": "None", "incomeTaxExpense": "None", "totalOtherIncomeExpense": "-40000", "discontinuedOperations": "None", "netIncomeFromContinuingOperations": "-3078000", "netIncomeApplicableToCommonShares": "-3078000", "preferredStockAndOtherAdjustments": "None"}, {"fiscalDateEnding": "2013-04-30", "reportedCurrency": "USD", "totalRevenue": "7108000", "totalOperatingExpense": "None", "costOfRevenue": "4523000", "grossProfit": "None", "ebit": "None", "netIncome": "None", "researchAndDevelopment": "None", "effectOfAccountingCharges": "None", "incomeBeforeTax": "None", "minorityInterest": "None", "sellingGeneralAdministrative": "3094000", "otherNonOperatingIncome": "None", "operatingIncome": "None", "otherOperatingExpense": "None", "interestExpense": "31000", "taxProvision": "None", "interestIncome": "None", "netInterestIncome": "None", "extraordinaryItems": "None", "nonRecurring": "None", "otherItems": "None", "incomeTaxExpense": "None", "totalOtherIncomeExpense": "None", "discontinuedOperations": "None", "netIncomeFromContinuingOperations": "None", "netIncomeApplicableToCommonShares": "None", "preferredStockAndOtherAdjustments": "None"}, {"fiscalDateEnding": "2013-01-31", "reportedCurrency": "USD", "totalRevenue": "8921000", "totalOperatingExpense": "None", "costOfRevenue": "5122000", "grossProfit": "None", "ebit": "None", "netIncome": "1792000", "researchAndDevelopment": "4948000", "effectOfAccountingCharges": "None", "incomeBeforeTax": "2317000", "minorityInterest": "None", "sellingGeneralAdministrative": "3236000", "otherNonOperatingIncome": "None", "operatingIncome": "453000", "otherOperatingExpense": "None", "interestExpense": "58000", "taxProvision": "None", "interestIncome": "None", "netInterestIncome": "None", "extraordinaryItems": "None", "nonRecurring": "None", "otherItems": "None", "incomeTaxExpense": "525000", "totalOtherIncomeExpense": "None", "discontinuedOperations": "None", "netIncomeFromContinuingOperations": "None", "netIncomeApplicableToCommonShares": "1792000", "preferredStockAndOtherAdjustments": "None"}, {"fiscalDateEnding": "2012-10-31", "reportedCurrency": "USD", "totalRevenue": "7267000", "totalOperatingExpense": "None", "costOfRevenue": "4020000", "grossProfit": "None", "ebit": "None", "netIncome": "455000", "researchAndDevelopment": "None", "effectOfAccountingCharges": "None", "incomeBeforeTax": "699000", "minorityInterest": "None", "sellingGeneralAdministrative": "2358000", "otherNonOperatingIncome": "None", "operatingIncome": "766000", "otherOperatingExpense": "None", "interestExpense": "61000", "taxProvision": "None", "interestIncome": "None", "netInterestIncome": "None", "extraordinaryItems": "None", "nonRecurring": "None", "otherItems": "None", "incomeTaxExpense": "244000", "totalOtherIncomeExpense": "None", "discontinuedOperations": "None", "netIncomeFromContinuingOperations": "None", "netIncomeApplicableToCommonShares": "455000", "preferredStockAndOtherAdjustments": "None"}, {"fiscalDateEnding": "2012-07-31", "reportedCurrency": "USD", "totalRevenue": "7472000", "totalOperatingExpense": "None", "costOfRevenue": "5106000", "grossProfit": "None", "ebit": "None", "netIncome": "None", "researchAndDevelopment": "None", "effectOfAccountingCharges": "None", "incomeBeforeTax": "None", "minorityInterest": "None", "sellingGeneralAdministrative": "2366000", "otherNonOperatingIncome": "None", "operatingIncome": "None", "otherOperatingExpense": "None", "interestExpense": "66000", "taxProvision": "None", "interestIncome": "None", "netInterestIncome": "None", "extraordinaryItems": "None", "nonRecurring": "None", "otherItems": "None", "incomeTaxExpense": "None", "totalOtherIncomeExpense": "None", "discontinuedOperations": "None", "netIncomeFromContinuingOperations": "None", "netIncomeApplicableToCommonShares": "None", "preferredStockAndOtherAdjustments": "None"}, {"fiscalDateEnding": "2012-04-30", "reportedCurrency": "USD", "totalRevenue": "7361000", "totalOperatingExpense": "None", "costOfRevenue": "4392000", "grossProfit": "None", "ebit": "None", "netIncome": "413000", "researchAndDevelopment": "None", "effectOfAccountingCharges": "None", "incomeBeforeTax": "647000", "minorityInterest": "None", "sellingGeneralAdministrative": "2098000", "otherNonOperatingIncome": "None", "operatingIncome": "720000", "otherOperatingExpense": "None", "interestExpense": "73000", "taxProvision": "None", "interestIncome": "None", "netInterestIncome": "None", "extraordinaryItems": "None", "nonRecurring": "None", "otherItems": "None", "incomeTaxExpense": "234000", "totalOtherIncomeExpense": "None", "discontinuedOperations": "None", "netIncomeFromContinuingOperations": "None", "netIncomeApplicableToCommonShares": "413000", "preferredStockAndOtherAdjustments": "None"}, {"fiscalDateEnding": "2012-01-31", "reportedCurrency": "USD", "totalRevenue": "9157000", "totalOperatingExpense": "None", "costOfRevenue": "5694000", "grossProfit": "None", "ebit": "None", "netIncome": "730000", "researchAndDevelopment": "2644000", "effectOfAccountingCharges": "None", "incomeBeforeTax": "1403000", "minorityInterest": "None", "sellingGeneralAdministrative": "1713000", "otherNonOperatingIncome": "None", "operatingIncome": "1608000", "otherOperatingExpense": "None", "interestExpense": "83000", "taxProvision": "None", "interestIncome": "None", "netInterestIncome": "None", "extraordinaryItems": "None", "nonRecurring": "None", "otherItems": "None", "incomeTaxExpense": "673000", "totalOtherIncomeExpense": "None", "discontinuedOperations": "None", "netIncomeFromContinuingOperations": "None", "netIncomeApplicableToCommonShares": "730000", "preferredStockAndOtherAdjustments": "None"}, {"fiscalDateEnding": "2011-10-31", "reportedCurrency": "USD", "totalRevenue": "7320000", "totalOperatingExpense": "None", "costOfRevenue": "5218000", "grossProfit": "None", "ebit": "None", "netIncome": "146000", "researchAndDevelopment": "None", "effectOfAccountingCharges": "None", "incomeBeforeTax": "298000", "minorityInterest": "None", "sellingGeneralAdministrative": "1635000", "otherNonOperatingIncome": "None", "operatingIncome": "336000", "otherOperatingExpense": "None", "interestExpense": "84000", "taxProvision": "None", "interestIncome": "None", "netInterestIncome": "None", "extraordinaryItems": "None", "nonRecurring": "None", "otherItems": "None", "incomeTaxExpense": "152000", "totalOtherIncomeExpense": "None", "discontinuedOperations": "None", "netIncomeFromContinuingOperations": "None", "netIncomeApplicableToCommonShares": "146000", "preferredStockAndOtherAdjustments": "None"}, {"fiscalDateEnding": "2011-07-31", "reportedCurrency": "USD", "totalRevenue": "6421000", "totalOperatingExpense": "None", "costOfRevenue": "4902000", "grossProfit": "None", "ebit": "None", "netIncome": "None", "researchAndDevelopment": "None", "effectOfAccountingCharges": "None", "incomeBeforeTax": "None", "minorityInterest": "None", "sellingGeneralAdministrative": "1597000", "otherNonOperatingIncome": "None", "operatingIncome": "None", "otherOperatingExpense": "None", "interestExpense": "86000", "taxProvision": "None", "interestIncome": "None", "netInterestIncome": "None", "extraordinaryItems": "None", "nonRecurring": "None", "otherItems": "None", "incomeTaxExpense": "None", "totalOtherIncomeExpense": "None", "discontinuedOperations": "None", "netIncomeFromContinuingOperations": "None", "netIncomeApplicableToCommonShares": "None", "preferredStockAndOtherAdjustments": "None"}, {"fiscalDateEnding": "2011-04-30", "reportedCurrency": "USD", "totalRevenue": "6709000", "totalOperatingExpense": "None", "costOfRevenue": "4918000", "grossProfit": "None", "ebit": "None", "netIncome": "None", "researchAndDevelopment": "None", "effectOfAccountingCharges": "None", "incomeBeforeTax": "None", "minorityInterest": "None", "sellingGeneralAdministrative": "2048000", "otherNonOperatingIncome": "None", "operatingIncome": "None", "otherOperatingExpense": "None", "interestExpense": "118000", "taxProvision": "None", "interestIncome": "None", "netInterestIncome": "None", "extraordinaryItems": "None", "nonRecurring": "None", "otherItems": "None", "incomeTaxExpense": "None", "totalOtherIncomeExpense": "None", "discontinuedOperations": "None", "netIncomeFromContinuingOperations": "None", "netIncomeApplicableToCommonShares": "None", "preferredStockAndOtherAdjustments": "None"}, {"fiscalDateEnding": "2011-01-31", "reportedCurrency": "USD", "totalRevenue": "8825000", "totalOperatingExpense": "None", "costOfRevenue": "5932000", "grossProfit": "None", "ebit": "None", "netIncome": "255000", "researchAndDevelopment": "3787000", "effectOfAccountingCharges": "None", "incomeBeforeTax": "511000", "minorityInterest": "None", "sellingGeneralAdministrative": "1923000", "otherNonOperatingIncome": "None", "operatingIncome": "847000", "otherOperatingExpense": "None", "interestExpense": "179000", "taxProvision": "None", "interestIncome": "None", "netInterestIncome": "None", "extraordinaryItems": "None", "nonRecurring": "None", "otherItems": "None", "incomeTaxExpense": "256000", "totalOtherIncomeExpense": "None", "discontinuedOperations": "None", "netIncomeFromContinuingOperations": "None", "netIncomeApplicableToCommonShares": "255000", "preferredStockAndOtherAdjustments": "None"}, {"fiscalDateEnding": "2010-10-31", "reportedCurrency": "USD", "totalRevenue": "7049000", "totalOperatingExpense": "None", "costOfRevenue": "4899000", "grossProfit": "None", "ebit": "None", "netIncome": "93000", "researchAndDevelopment": "None", "effectOfAccountingCharges": "None", "incomeBeforeTax": "94000", "minorityInterest": "None", "sellingGeneralAdministrative": "1679000", "otherNonOperatingIncome": "None", "operatingIncome": "345000", "otherOperatingExpense": "None", "interestExpense": "205000", "taxProvision": "None", "interestIncome": "None", "netInterestIncome": "None", "extraordinaryItems": "None", "nonRecurring": "None", "otherItems": "None", "incomeTaxExpense": "1000", "totalOtherIncomeExpense": "None", "discontinuedOperations": "None", "netIncomeFromContinuingOperations": "None", "netIncomeApplicableToCommonShares": "93000", "preferredStockAndOtherAdjustments": "None"}, {"fiscalDateEnding": "2010-07-31", "reportedCurrency": "USD", "totalRevenue": "6813000", "totalOperatingExpense": "None", "costOfRevenue": "4640000", "grossProfit": "None", "ebit": "None", "netIncome": "18000", "researchAndDevelopment": "None", "effectOfAccountingCharges": "None", "incomeBeforeTax": "38000", "minorityInterest": "None", "sellingGeneralAdministrative": "1764000", "otherNonOperatingIncome": "None", "operatingIncome": "280000", "otherOperatingExpense": "None", "interestExpense": "211000", "taxProvision": "None", "interestIncome": "None", "netInterestIncome": "None", "extraordinaryItems": "None", "nonRecurring": "None", "otherItems": "None", "incomeTaxExpense": "20000", "totalOtherIncomeExpense": "None", "discontinuedOperations": "None", "netIncomeFromContinuingOperations": "None", "netIncomeApplicableToCommonShares": "18000", "preferredStockAndOtherAdjustments": "None"}, {"fiscalDateEnding": "2010-04-30", "reportedCurrency": "USD", "totalRevenue": "6931000", "totalOperatingExpense": "None", "costOfRevenue": "4708000", "grossProfit": "None", "ebit": "None", "netIncome": "259000", "researchAndDevelopment": "None", "effectOfAccountingCharges": "None", "incomeBeforeTax": "437000", "minorityInterest": "None", "sellingGeneralAdministrative": "1700000", "otherNonOperatingIncome": "None", "operatingIncome": "399000", "otherOperatingExpense": "None", "interestExpense": "150000", "taxProvision": "None", "interestIncome": "None", "netInterestIncome": "None", "extraordinaryItems": "None", "nonRecurring": "None", "otherItems": "None", "incomeTaxExpense": "178000", "totalOtherIncomeExpense": "None", "discontinuedOperations": "None", "netIncomeFromContinuingOperations": "None", "netIncomeApplicableToCommonShares": "259000", "preferredStockAndOtherAdjustments": "None"}, {"fiscalDateEnding": "2010-01-31", "reportedCurrency": "USD", "totalRevenue": "6711000", "totalOperatingExpense": "None", "costOfRevenue": "3877000", "grossProfit": "None", "ebit": "None", "netIncome": "1602000", "researchAndDevelopment": "1423000", "effectOfAccountingCharges": "None", "incomeBeforeTax": "290000", "minorityInterest": "None", "sellingGeneralAdministrative": "1958000", "otherNonOperatingIncome": "None", "operatingIncome": "752000", "otherOperatingExpense": "None", "interestExpense": "207000", "taxProvision": "None", "interestIncome": "None", "netInterestIncome": "None", "extraordinaryItems": "None", "nonRecurring": "None", "otherItems": "None", "incomeTaxExpense": "None", "totalOtherIncomeExpense": "None", "discontinuedOperations": "None", "netIncomeFromContinuingOperations": "None", "netIncomeApplicableToCommonShares": "1602000", "preferredStockAndOtherAdjustments": "None"}]}