{"symbol": "AINV", "annualReports": [{"fiscalDateEnding": "2020-03-31", "reportedCurrency": "USD", "totalRevenue": "-100163000", "totalOperatingExpense": "None", "costOfRevenue": "115741000", "grossProfit": "161175000", "ebit": "None", "netIncome": "-116064000", "researchAndDevelopment": "None", "effectOfAccountingCharges": "None", "incomeBeforeTax": "-116064000", "minorityInterest": "None", "sellingGeneralAdministrative": "16334000", "otherNonOperatingIncome": "None", "operatingIncome": "140899000", "otherOperatingExpense": "None", "interestExpense": "73398000", "taxProvision": "None", "interestIncome": "260540000", "netInterestIncome": "187142000", "extraordinaryItems": "None", "nonRecurring": "None", "otherItems": "None", "incomeTaxExpense": "None", "totalOtherIncomeExpense": "None", "discontinuedOperations": "None", "netIncomeFromContinuingOperations": "-116064000", "netIncomeApplicableToCommonShares": "-116064000", "preferredStockAndOtherAdjustments": "None"}, {"fiscalDateEnding": "2019-03-31", "reportedCurrency": "USD", "totalRevenue": "84031000", "totalOperatingExpense": "12085000", "costOfRevenue": "109700000", "grossProfit": "145376000", "ebit": "186068000", "netIncome": "71946000", "researchAndDevelopment": "None", "effectOfAccountingCharges": "None", "incomeBeforeTax": "71946000", "minorityInterest": "None", "sellingGeneralAdministrative": "18150000", "otherNonOperatingIncome": "None", "operatingIncome": "127749000", "otherOperatingExpense": "None", "interestExpense": "58319000", "taxProvision": "None", "interestIncome": "231639000", "netInterestIncome": "173320000", "extraordinaryItems": "None", "nonRecurring": "None", "otherItems": "None", "incomeTaxExpense": "None", "totalOtherIncomeExpense": "-114122000", "discontinuedOperations": "None", "netIncomeFromContinuingOperations": "71946000", "netIncomeApplicableToCommonShares": "71946000", "preferredStockAndOtherAdjustments": "None"}, {"fiscalDateEnding": "2018-03-31", "reportedCurrency": "USD", "totalRevenue": "83243000", "totalOperatingExpense": "-3786000", "costOfRevenue": "109968000", "grossProfit": "149319000", "ebit": "186426000", "netIncome": "87029000", "researchAndDevelopment": "None", "effectOfAccountingCharges": "None", "incomeBeforeTax": "87029000", "minorityInterest": "None", "sellingGeneralAdministrative": "16514000", "otherNonOperatingIncome": "None", "operatingIncome": "127597000", "otherOperatingExpense": "None", "interestExpense": "53039000", "taxProvision": "None", "interestIncome": "233364000", "netInterestIncome": "180325000", "extraordinaryItems": "None", "nonRecurring": "-582000", "otherItems": "None", "incomeTaxExpense": "0", "totalOtherIncomeExpense": "-99397000", "discontinuedOperations": "None", "netIncomeFromContinuingOperations": "87029000", "netIncomeApplicableToCommonShares": "87029000", "preferredStockAndOtherAdjustments": "None"}, {"fiscalDateEnding": "2017-03-31", "reportedCurrency": "USD", "totalRevenue": "17514000", "totalOperatingExpense": "-856000", "costOfRevenue": "110242000", "grossProfit": "169620000", "ebit": "209008000", "netIncome": "18370000", "researchAndDevelopment": "None", "effectOfAccountingCharges": "None", "incomeBeforeTax": "18370000", "minorityInterest": "None", "sellingGeneralAdministrative": "20713000", "otherNonOperatingIncome": "None", "operatingIncome": "149243000", "otherOperatingExpense": "None", "interestExpense": "59765000", "taxProvision": "None", "interestIncome": "240475000", "netInterestIncome": "180710000", "extraordinaryItems": "None", "nonRecurring": "-336000", "otherItems": "None", "incomeTaxExpense": "0", "totalOtherIncomeExpense": "-190638000", "discontinuedOperations": "None", "netIncomeFromContinuingOperations": "18370000", "netIncomeApplicableToCommonShares": "18370000", "preferredStockAndOtherAdjustments": "None"}, {"fiscalDateEnding": "2016-03-31", "reportedCurrency": "USD", "totalRevenue": "379745000", "totalOperatingExpense": "105638000", "costOfRevenue": "171529000", "grossProfit": "208216000", "ebit": "274107000", "netIncome": "-44526000", "researchAndDevelopment": "None", "effectOfAccountingCharges": "None", "incomeBeforeTax": "-44526000", "minorityInterest": "None", "sellingGeneralAdministrative": "15194000", "otherNonOperatingIncome": "None", "operatingIncome": "193257000", "otherOperatingExpense": "None", "interestExpense": "-80850000", "taxProvision": "None", "interestIncome": "-237783000", "netInterestIncome": "None", "extraordinaryItems": "None", "nonRecurring": "-235000", "otherItems": "None", "incomeTaxExpense": "0", "totalOtherIncomeExpense": "-318633000", "discontinuedOperations": "None", "netIncomeFromContinuingOperations": "-44526000", "netIncomeApplicableToCommonShares": "-44526000", "preferredStockAndOtherAdjustments": "None"}], "quarterlyReports": [{"fiscalDateEnding": "2020-06-30", "reportedCurrency": "USD", "totalRevenue": "6519000", "totalOperatingExpense": "None", "costOfRevenue": "None", "grossProfit": "None", "ebit": "None", "netIncome": "2995000", "researchAndDevelopment": "None", "effectOfAccountingCharges": "None", "incomeBeforeTax": "2995000", "minorityInterest": "None", "sellingGeneralAdministrative": "3634000", "otherNonOperatingIncome": "None", "operatingIncome": "None", "otherOperatingExpense": "None", "interestExpense": "15392000", "taxProvision": "None", "interestIncome": "55140000", "netInterestIncome": "39748000", "extraordinaryItems": "None", "nonRecurring": "None", "otherItems": "None", "incomeTaxExpense": "None", "totalOtherIncomeExpense": "None", "discontinuedOperations": "None", "netIncomeFromContinuingOperations": "2995000", "netIncomeApplicableToCommonShares": "2995000", "preferredStockAndOtherAdjustments": "None"}, {"fiscalDateEnding": "2020-03-31", "reportedCurrency": "USD", "totalRevenue": "-143675000", "totalOperatingExpense": "None", "costOfRevenue": "29242000", "grossProfit": "42358000", "ebit": "None", "netIncome": "-147247000", "researchAndDevelopment": "None", "effectOfAccountingCharges": "None", "incomeBeforeTax": "-147247000", "minorityInterest": "None", "sellingGeneralAdministrative": "3710000", "otherNonOperatingIncome": "None", "operatingIncome": "38786000", "otherOperatingExpense": "None", "interestExpense": "18953000", "taxProvision": "None", "interestIncome": "65926000", "netInterestIncome": "46973000", "extraordinaryItems": "None", "nonRecurring": "None", "otherItems": "None", "incomeTaxExpense": "None", "totalOtherIncomeExpense": "None", "discontinuedOperations": "None", "netIncomeFromContinuingOperations": "-147247000", "netIncomeApplicableToCommonShares": "-147247000", "preferredStockAndOtherAdjustments": "None"}, {"fiscalDateEnding": "2019-12-31", "reportedCurrency": "USD", "totalRevenue": "3935000", "totalOperatingExpense": "3649000", "costOfRevenue": "28613000", "grossProfit": "39869000", "ebit": "54420000", "netIncome": "286000", "researchAndDevelopment": "None", "effectOfAccountingCharges": "None", "incomeBeforeTax": "286000", "minorityInterest": "None", "sellingGeneralAdministrative": "3747000", "otherNonOperatingIncome": "None", "operatingIncome": "36220000", "otherOperatingExpense": "None", "interestExpense": "18200000", "taxProvision": "None", "interestIncome": "64052000", "netInterestIncome": "45852000", "extraordinaryItems": "None", "nonRecurring": "None", "otherItems": "None", "incomeTaxExpense": "None", "totalOtherIncomeExpense": "-54134000", "discontinuedOperations": "None", "netIncomeFromContinuingOperations": "286000", "netIncomeApplicableToCommonShares": "286000", "preferredStockAndOtherAdjustments": "None"}, {"fiscalDateEnding": "2019-09-30", "reportedCurrency": "USD", "totalRevenue": "10816000", "totalOperatingExpense": "3748000", "costOfRevenue": "30836000", "grossProfit": "39482000", "ebit": "54469000", "netIncome": "7068000", "researchAndDevelopment": "None", "effectOfAccountingCharges": "None", "incomeBeforeTax": "7068000", "minorityInterest": "None", "sellingGeneralAdministrative": "3847000", "otherNonOperatingIncome": "None", "operatingIncome": "31359000", "otherOperatingExpense": "None", "interestExpense": "18735000", "taxProvision": "None", "interestIncome": "65364000", "netInterestIncome": "46629000", "extraordinaryItems": "None", "nonRecurring": "None", "otherItems": "None", "incomeTaxExpense": "None", "totalOtherIncomeExpense": "-47401000", "discontinuedOperations": "None", "netIncomeFromContinuingOperations": "7068000", "netIncomeApplicableToCommonShares": "7068000", "preferredStockAndOtherAdjustments": "None"}, {"fiscalDateEnding": "2019-06-30", "reportedCurrency": "USD", "totalRevenue": "28761000", "totalOperatingExpense": "4932000", "costOfRevenue": "27050000", "grossProfit": "39466000", "ebit": "52045000", "netIncome": "23829000", "researchAndDevelopment": "None", "effectOfAccountingCharges": "None", "incomeBeforeTax": "23829000", "minorityInterest": "None", "sellingGeneralAdministrative": "5030000", "otherNonOperatingIncome": "None", "operatingIncome": "34534000", "otherOperatingExpense": "None", "interestExpense": "17511000", "taxProvision": "None", "interestIncome": "65198000", "netInterestIncome": "47687000", "extraordinaryItems": "None", "nonRecurring": "None", "otherItems": "None", "incomeTaxExpense": "None", "totalOtherIncomeExpense": "-28216000", "discontinuedOperations": "None", "netIncomeFromContinuingOperations": "23829000", "netIncomeApplicableToCommonShares": "23829000", "preferredStockAndOtherAdjustments": "None"}, {"fiscalDateEnding": "2019-03-31", "reportedCurrency": "USD", "totalRevenue": "61410000", "totalOperatingExpense": "4354000", "costOfRevenue": "24504000", "grossProfit": "36906000", "ebit": "48174000", "netIncome": "31845000", "researchAndDevelopment": "None", "effectOfAccountingCharges": "None", "incomeBeforeTax": "31845000", "minorityInterest": "None", "sellingGeneralAdministrative": "4377000", "otherNonOperatingIncome": "None", "operatingIncome": "32552000", "otherOperatingExpense": "None", "interestExpense": "15622000", "taxProvision": "None", "interestIncome": "-707000", "netInterestIncome": "40768000", "extraordinaryItems": "None", "nonRecurring": "None", "otherItems": "None", "incomeTaxExpense": "None", "totalOtherIncomeExpense": "-16329000", "discontinuedOperations": "None", "netIncomeFromContinuingOperations": "31845000", "netIncomeApplicableToCommonShares": "31845000", "preferredStockAndOtherAdjustments": "None"}, {"fiscalDateEnding": "2018-12-31", "reportedCurrency": "USD", "totalRevenue": "64041000", "totalOperatingExpense": "18337000", "costOfRevenue": "28494000", "grossProfit": "64041000", "ebit": "45704000", "netIncome": "-1178000", "researchAndDevelopment": "None", "effectOfAccountingCharges": "None", "incomeBeforeTax": "-1178000", "minorityInterest": "None", "sellingGeneralAdministrative": "18337000", "otherNonOperatingIncome": "None", "operatingIncome": "45704000", "otherOperatingExpense": "None", "interestExpense": "-14217000", "taxProvision": "None", "interestIncome": "None", "netInterestIncome": "None", "extraordinaryItems": "None", "nonRecurring": "None", "otherItems": "None", "incomeTaxExpense": "0", "totalOtherIncomeExpense": "-46882000", "discontinuedOperations": "None", "netIncomeFromContinuingOperations": "-1178000", "netIncomeApplicableToCommonShares": "-1178000", "preferredStockAndOtherAdjustments": "None"}, {"fiscalDateEnding": "2018-09-30", "reportedCurrency": "USD", "totalRevenue": "66034000", "totalOperatingExpense": "18968000", "costOfRevenue": "18968000", "grossProfit": "66034000", "ebit": "47066000", "netIncome": "28029000", "researchAndDevelopment": "None", "effectOfAccountingCharges": "None", "incomeBeforeTax": "28029000", "minorityInterest": "None", "sellingGeneralAdministrative": "18968000", "otherNonOperatingIncome": "None", "operatingIncome": "47066000", "otherOperatingExpense": "None", "interestExpense": "-14903000", "taxProvision": "None", "interestIncome": "None", "netInterestIncome": "None", "extraordinaryItems": "None", "nonRecurring": "None", "otherItems": "None", "incomeTaxExpense": "0", "totalOtherIncomeExpense": "-19037000", "discontinuedOperations": "None", "netIncomeFromContinuingOperations": "28029000", "netIncomeApplicableToCommonShares": "28029000", "preferredStockAndOtherAdjustments": "None"}, {"fiscalDateEnding": "2018-06-30", "reportedCurrency": "USD", "totalRevenue": "63591000", "totalOperatingExpense": "18467000", "costOfRevenue": "18467000", "grossProfit": "63591000", "ebit": "45124000", "netIncome": "13250000", "researchAndDevelopment": "None", "effectOfAccountingCharges": "None", "incomeBeforeTax": "13250000", "minorityInterest": "None", "sellingGeneralAdministrative": "18467000", "otherNonOperatingIncome": "None", "operatingIncome": "45124000", "otherOperatingExpense": "None", "interestExpense": "-13576000", "taxProvision": "None", "interestIncome": "None", "netInterestIncome": "None", "extraordinaryItems": "None", "nonRecurring": "None", "otherItems": "None", "incomeTaxExpense": "0", "totalOtherIncomeExpense": "-31874000", "discontinuedOperations": "None", "netIncomeFromContinuingOperations": "13250000", "netIncomeApplicableToCommonShares": "13250000", "preferredStockAndOtherAdjustments": "None"}, {"fiscalDateEnding": "2018-03-31", "reportedCurrency": "USD", "totalRevenue": "61489000", "totalOperatingExpense": "16987000", "costOfRevenue": "16987000", "grossProfit": "61489000", "ebit": "44502000", "netIncome": "20627000", "researchAndDevelopment": "0", "effectOfAccountingCharges": "0", "incomeBeforeTax": "20627000", "minorityInterest": "0", "sellingGeneralAdministrative": "16987000", "otherNonOperatingIncome": "None", "operatingIncome": "44502000", "otherOperatingExpense": "0", "interestExpense": "-12560000", "taxProvision": "None", "interestIncome": "None", "netInterestIncome": "None", "extraordinaryItems": "0", "nonRecurring": "-306000", "otherItems": "0", "incomeTaxExpense": "0", "totalOtherIncomeExpense": "-23875000", "discontinuedOperations": "0", "netIncomeFromContinuingOperations": "20627000", "netIncomeApplicableToCommonShares": "20627000", "preferredStockAndOtherAdjustments": "None"}, {"fiscalDateEnding": "2017-12-31", "reportedCurrency": "USD", "totalRevenue": "64753000", "totalOperatingExpense": "-120000", "costOfRevenue": "18353000", "grossProfit": "-1709000", "ebit": "-1589000", "netIncome": "5834000", "researchAndDevelopment": "0", "effectOfAccountingCharges": "0", "incomeBeforeTax": "5834000", "minorityInterest": "0", "sellingGeneralAdministrative": "-120000", "otherNonOperatingIncome": "None", "operatingIncome": "46400000", "otherOperatingExpense": "0", "interestExpense": "12432000", "taxProvision": "None", "interestIncome": "None", "netInterestIncome": "None", "extraordinaryItems": "0", "nonRecurring": "-444000", "otherItems": "0", "incomeTaxExpense": "0", "totalOtherIncomeExpense": "-24365000", "discontinuedOperations": "0", "netIncomeFromContinuingOperations": "-25954000", "netIncomeApplicableToCommonShares": "5834000", "preferredStockAndOtherAdjustments": "None"}, {"fiscalDateEnding": "2017-09-30", "reportedCurrency": "USD", "totalRevenue": "66334000", "totalOperatingExpense": "-703000", "costOfRevenue": "18345000", "grossProfit": "-249000", "ebit": "454000", "netIncome": "31787000", "researchAndDevelopment": "0", "effectOfAccountingCharges": "0", "incomeBeforeTax": "31787000", "minorityInterest": "0", "sellingGeneralAdministrative": "-703000", "otherNonOperatingIncome": "None", "operatingIncome": "47989000", "otherOperatingExpense": "0", "interestExpense": "13832000", "taxProvision": "None", "interestIncome": "None", "netInterestIncome": "None", "extraordinaryItems": "0", "nonRecurring": "252000", "otherItems": "0", "incomeTaxExpense": "0", "totalOtherIncomeExpense": "2552000", "discontinuedOperations": "0", "netIncomeFromContinuingOperations": "3006000", "netIncomeApplicableToCommonShares": "31787000", "preferredStockAndOtherAdjustments": "None"}, {"fiscalDateEnding": "2017-06-30", "reportedCurrency": "USD", "totalRevenue": "66711000", "totalOperatingExpense": "19176000", "costOfRevenue": "19176000", "grossProfit": "66711000", "ebit": "47535000", "netIncome": "28781000", "researchAndDevelopment": "0", "effectOfAccountingCharges": "0", "incomeBeforeTax": "28781000", "minorityInterest": "0", "sellingGeneralAdministrative": "19176000", "otherNonOperatingIncome": "None", "operatingIncome": "47535000", "otherOperatingExpense": "0", "interestExpense": "14215000", "taxProvision": "None", "interestIncome": "None", "netInterestIncome": "None", "extraordinaryItems": "0", "nonRecurring": "-84000", "otherItems": "0", "incomeTaxExpense": "0", "totalOtherIncomeExpense": "-18754000", "discontinuedOperations": "0", "netIncomeFromContinuingOperations": "28781000", "netIncomeApplicableToCommonShares": "28781000", "preferredStockAndOtherAdjustments": "None"}, {"fiscalDateEnding": "2017-03-31", "reportedCurrency": "USD", "totalRevenue": "66296000", "totalOperatingExpense": "68154000", "costOfRevenue": "14945000", "grossProfit": "279862000", "ebit": "211708000", "netIncome": "8052000", "researchAndDevelopment": "0", "effectOfAccountingCharges": "0", "incomeBeforeTax": "8052000", "minorityInterest": "0", "sellingGeneralAdministrative": "68154000", "otherNonOperatingIncome": "None", "operatingIncome": "51351000", "otherOperatingExpense": "0", "interestExpense": "14061000", "taxProvision": "None", "interestIncome": "None", "netInterestIncome": "None", "extraordinaryItems": "0", "nonRecurring": "-336000", "otherItems": "0", "incomeTaxExpense": "0", "totalOtherIncomeExpense": "-193338000", "discontinuedOperations": "0", "netIncomeFromContinuingOperations": "18370000", "netIncomeApplicableToCommonShares": "8052000", "preferredStockAndOtherAdjustments": "None"}, {"fiscalDateEnding": "2016-12-31", "reportedCurrency": "USD", "totalRevenue": "68071000", "totalOperatingExpense": "0", "costOfRevenue": "17246000", "grossProfit": "0", "ebit": "0", "netIncome": "11290000", "researchAndDevelopment": "0", "effectOfAccountingCharges": "0", "incomeBeforeTax": "11290000", "minorityInterest": "0", "sellingGeneralAdministrative": "0", "otherNonOperatingIncome": "None", "operatingIncome": "50825000", "otherOperatingExpense": "0", "interestExpense": "14473000", "taxProvision": "None", "interestIncome": "None", "netInterestIncome": "None", "extraordinaryItems": "0", "nonRecurring": "0", "otherItems": "0", "incomeTaxExpense": "0", "totalOtherIncomeExpense": "0", "discontinuedOperations": "0", "netIncomeFromContinuingOperations": "0", "netIncomeApplicableToCommonShares": "11290000", "preferredStockAndOtherAdjustments": "None"}, {"fiscalDateEnding": "2016-09-30", "reportedCurrency": "USD", "totalRevenue": "69026000", "totalOperatingExpense": "0", "costOfRevenue": "15051000", "grossProfit": "0", "ebit": "0", "netIncome": "41114000", "researchAndDevelopment": "0", "effectOfAccountingCharges": "0", "incomeBeforeTax": "41114000", "minorityInterest": "0", "sellingGeneralAdministrative": "0", "otherNonOperatingIncome": "None", "operatingIncome": "53975000", "otherOperatingExpense": "0", "interestExpense": "14438000", "taxProvision": "None", "interestIncome": "None", "netInterestIncome": "None", "extraordinaryItems": "0", "nonRecurring": "0", "otherItems": "0", "incomeTaxExpense": "0", "totalOtherIncomeExpense": "0", "discontinuedOperations": "0", "netIncomeFromContinuingOperations": "0", "netIncomeApplicableToCommonShares": "41114000", "preferredStockAndOtherAdjustments": "None"}, {"fiscalDateEnding": "2016-06-30", "reportedCurrency": "USD", "totalRevenue": "76469000", "totalOperatingExpense": "0", "costOfRevenue": "20912000", "grossProfit": "0", "ebit": "0", "netIncome": "0", "researchAndDevelopment": "0", "effectOfAccountingCharges": "0", "incomeBeforeTax": "0", "minorityInterest": "0", "sellingGeneralAdministrative": "0", "otherNonOperatingIncome": "None", "operatingIncome": "55557000", "otherOperatingExpense": "0", "interestExpense": "16793000", "taxProvision": "None", "interestIncome": "None", "netInterestIncome": "None", "extraordinaryItems": "0", "nonRecurring": "0", "otherItems": "0", "incomeTaxExpense": "0", "totalOtherIncomeExpense": "0", "discontinuedOperations": "0", "netIncomeFromContinuingOperations": "0", "netIncomeApplicableToCommonShares": "0", "preferredStockAndOtherAdjustments": "None"}, {"fiscalDateEnding": "2016-03-31", "reportedCurrency": "USD", "totalRevenue": "85335000", "totalOperatingExpense": "105638000", "costOfRevenue": "23402000", "grossProfit": "379745000", "ebit": "274107000", "netIncome": "-44526000", "researchAndDevelopment": "0", "effectOfAccountingCharges": "0", "incomeBeforeTax": "-44526000", "minorityInterest": "0", "sellingGeneralAdministrative": "105638000", "otherNonOperatingIncome": "None", "operatingIncome": "61933000", "otherOperatingExpense": "0", "interestExpense": "17315000", "taxProvision": "None", "interestIncome": "None", "netInterestIncome": "None", "extraordinaryItems": "0", "nonRecurring": "-235000", "otherItems": "0", "incomeTaxExpense": "0", "totalOtherIncomeExpense": "-318633000", "discontinuedOperations": "0", "netIncomeFromContinuingOperations": "-44526000", "netIncomeApplicableToCommonShares": "-44526000", "preferredStockAndOtherAdjustments": "None"}, {"fiscalDateEnding": "2015-12-31", "reportedCurrency": "USD", "totalRevenue": "94324000", "totalOperatingExpense": "0", "costOfRevenue": "26898000", "grossProfit": "0", "ebit": "0", "netIncome": "0", "researchAndDevelopment": "0", "effectOfAccountingCharges": "0", "incomeBeforeTax": "0", "minorityInterest": "0", "sellingGeneralAdministrative": "0", "otherNonOperatingIncome": "None", "operatingIncome": "67426000", "otherOperatingExpense": "0", "interestExpense": "19335000", "taxProvision": "None", "interestIncome": "None", "netInterestIncome": "None", "extraordinaryItems": "0", "nonRecurring": "0", "otherItems": "0", "incomeTaxExpense": "0", "totalOtherIncomeExpense": "0", "discontinuedOperations": "0", "netIncomeFromContinuingOperations": "0", "netIncomeApplicableToCommonShares": "0", "preferredStockAndOtherAdjustments": "None"}, {"fiscalDateEnding": "2015-09-30", "reportedCurrency": "USD", "totalRevenue": "98420000", "totalOperatingExpense": "0", "costOfRevenue": "27094000", "grossProfit": "0", "ebit": "0", "netIncome": "-6390000", "researchAndDevelopment": "0", "effectOfAccountingCharges": "0", "incomeBeforeTax": "-6390000", "minorityInterest": "0", "sellingGeneralAdministrative": "0", "otherNonOperatingIncome": "None", "operatingIncome": "71326000", "otherOperatingExpense": "0", "interestExpense": "21764000", "taxProvision": "None", "interestIncome": "None", "netInterestIncome": "None", "extraordinaryItems": "0", "nonRecurring": "0", "otherItems": "0", "incomeTaxExpense": "0", "totalOtherIncomeExpense": "0", "discontinuedOperations": "0", "netIncomeFromContinuingOperations": "0", "netIncomeApplicableToCommonShares": "-6390000", "preferredStockAndOtherAdjustments": "None"}, {"fiscalDateEnding": "2015-06-30", "reportedCurrency": "USD", "totalRevenue": "101666000", "totalOperatingExpense": "0", "costOfRevenue": "28244000", "grossProfit": "0", "ebit": "0", "netIncome": "6390000", "researchAndDevelopment": "0", "effectOfAccountingCharges": "0", "incomeBeforeTax": "6390000", "minorityInterest": "0", "sellingGeneralAdministrative": "0", "otherNonOperatingIncome": "None", "operatingIncome": "73422000", "otherOperatingExpense": "0", "interestExpense": "22436000", "taxProvision": "None", "interestIncome": "None", "netInterestIncome": "None", "extraordinaryItems": "0", "nonRecurring": "0", "otherItems": "0", "incomeTaxExpense": "0", "totalOtherIncomeExpense": "0", "discontinuedOperations": "0", "netIncomeFromContinuingOperations": "0", "netIncomeApplicableToCommonShares": "6390000", "preferredStockAndOtherAdjustments": "None"}]}