{"symbol": "ALEC", "annualReports": [{"fiscalDateEnding": "2019-12-31", "reportedCurrency": "USD", "totalRevenue": "21219000", "totalOperatingExpense": "135623000", "costOfRevenue": "None", "grossProfit": "None", "ebit": "-108830000", "netIncome": "-105385000", "researchAndDevelopment": "100528000", "effectOfAccountingCharges": "None", "incomeBeforeTax": "-105385000", "minorityInterest": "None", "sellingGeneralAdministrative": "35095000", "otherNonOperatingIncome": "None", "operatingIncome": "-114404000", "otherOperatingExpense": "None", "interestExpense": "None", "taxProvision": "None", "interestIncome": "None", "netInterestIncome": "None", "extraordinaryItems": "None", "nonRecurring": "None", "otherItems": "None", "incomeTaxExpense": "None", "totalOtherIncomeExpense": "9019000", "discontinuedOperations": "None", "netIncomeFromContinuingOperations": "-105385000", "netIncomeApplicableToCommonShares": "-105385000", "preferredStockAndOtherAdjustments": "None"}, {"fiscalDateEnding": "2018-12-31", "reportedCurrency": "USD", "totalRevenue": "27677000", "totalOperatingExpense": "84965000", "costOfRevenue": "73031000", "grossProfit": "-45354000", "ebit": "-56269000", "netIncome": "-52248000", "researchAndDevelopment": "73031000", "effectOfAccountingCharges": "None", "incomeBeforeTax": "-52248000", "minorityInterest": "None", "sellingGeneralAdministrative": "11934000", "otherNonOperatingIncome": "None", "operatingIncome": "-57288000", "otherOperatingExpense": "None", "interestExpense": "None", "taxProvision": "None", "interestIncome": "None", "netInterestIncome": "None", "extraordinaryItems": "None", "nonRecurring": "None", "otherItems": "None", "incomeTaxExpense": "0", "totalOtherIncomeExpense": "5040000", "discontinuedOperations": "None", "netIncomeFromContinuingOperations": "-52248000", "netIncomeApplicableToCommonShares": "-52248000", "preferredStockAndOtherAdjustments": "None"}, {"fiscalDateEnding": "2017-12-31", "reportedCurrency": "USD", "totalRevenue": "3735000", "totalOperatingExpense": "36414000", "costOfRevenue": "29911000", "grossProfit": "-26176000", "ebit": "-31999000", "netIncome": "-32480000", "researchAndDevelopment": "29911000", "effectOfAccountingCharges": "None", "incomeBeforeTax": "-32480000", "minorityInterest": "None", "sellingGeneralAdministrative": "6503000", "otherNonOperatingIncome": "None", "operatingIncome": "-32679000", "otherOperatingExpense": "None", "interestExpense": "None", "taxProvision": "None", "interestIncome": "None", "netInterestIncome": "None", "extraordinaryItems": "None", "nonRecurring": "None", "otherItems": "None", "incomeTaxExpense": "0", "totalOtherIncomeExpense": "199000", "discontinuedOperations": "None", "netIncomeFromContinuingOperations": "-32480000", "netIncomeApplicableToCommonShares": "-32480000", "preferredStockAndOtherAdjustments": "None"}, {"fiscalDateEnding": "2016-12-31", "reportedCurrency": "USD", "totalRevenue": "416000", "totalOperatingExpense": "15548000", "costOfRevenue": "13674000", "grossProfit": "-13258000", "ebit": "-14931000", "netIncome": "-15110000", "researchAndDevelopment": "13674000", "effectOfAccountingCharges": "None", "incomeBeforeTax": "-15110000", "minorityInterest": "None", "sellingGeneralAdministrative": "1874000", "otherNonOperatingIncome": "None", "operatingIncome": "-15132000", "otherOperatingExpense": "None", "interestExpense": "None", "taxProvision": "None", "interestIncome": "None", "netInterestIncome": "None", "extraordinaryItems": "None", "nonRecurring": "None", "otherItems": "None", "incomeTaxExpense": "0", "totalOtherIncomeExpense": "22000", "discontinuedOperations": "None", "netIncomeFromContinuingOperations": "-15110000", "netIncomeApplicableToCommonShares": "-15110000", "preferredStockAndOtherAdjustments": "None"}], "quarterlyReports": [{"fiscalDateEnding": "2020-06-30", "reportedCurrency": "USD", "totalRevenue": "3170000", "totalOperatingExpense": "49759000", "costOfRevenue": "None", "grossProfit": "None", "ebit": "-44821000", "netIncome": "-45326000", "researchAndDevelopment": "34062000", "effectOfAccountingCharges": "None", "incomeBeforeTax": "-45326000", "minorityInterest": "None", "sellingGeneralAdministrative": "15697000", "otherNonOperatingIncome": "None", "operatingIncome": "-46589000", "otherOperatingExpense": "None", "interestExpense": "None", "taxProvision": "None", "interestIncome": "None", "netInterestIncome": "None", "extraordinaryItems": "None", "nonRecurring": "None", "otherItems": "None", "incomeTaxExpense": "None", "totalOtherIncomeExpense": "1263000", "discontinuedOperations": "None", "netIncomeFromContinuingOperations": "-45326000", "netIncomeApplicableToCommonShares": "-45326000", "preferredStockAndOtherAdjustments": "None"}, {"fiscalDateEnding": "2020-03-31", "reportedCurrency": "USD", "totalRevenue": "7171000", "totalOperatingExpense": "49249000", "costOfRevenue": "None", "grossProfit": "None", "ebit": "-40335000", "netIncome": "-40019000", "researchAndDevelopment": "34605000", "effectOfAccountingCharges": "None", "incomeBeforeTax": "-40019000", "minorityInterest": "None", "sellingGeneralAdministrative": "14644000", "otherNonOperatingIncome": "None", "operatingIncome": "-42078000", "otherOperatingExpense": "None", "interestExpense": "None", "taxProvision": "None", "interestIncome": "None", "netInterestIncome": "None", "extraordinaryItems": "None", "nonRecurring": "None", "otherItems": "None", "incomeTaxExpense": "None", "totalOtherIncomeExpense": "2059000", "discontinuedOperations": "None", "netIncomeFromContinuingOperations": "-40019000", "netIncomeApplicableToCommonShares": "-40019000", "preferredStockAndOtherAdjustments": "None"}, {"fiscalDateEnding": "2019-12-31", "reportedCurrency": "USD", "totalRevenue": "6001000", "totalOperatingExpense": "38343000", "costOfRevenue": "None", "grossProfit": "None", "ebit": "-29165000", "netIncome": "-30527000", "researchAndDevelopment": "25762000", "effectOfAccountingCharges": "None", "incomeBeforeTax": "-30527000", "minorityInterest": "None", "sellingGeneralAdministrative": "12581000", "otherNonOperatingIncome": "None", "operatingIncome": "-32342000", "otherOperatingExpense": "None", "interestExpense": "None", "taxProvision": "None", "interestIncome": "None", "netInterestIncome": "None", "extraordinaryItems": "None", "nonRecurring": "None", "otherItems": "None", "incomeTaxExpense": "None", "totalOtherIncomeExpense": "1815000", "discontinuedOperations": "None", "netIncomeFromContinuingOperations": "-30527000", "netIncomeApplicableToCommonShares": "-30527000", "preferredStockAndOtherAdjustments": "None"}, {"fiscalDateEnding": "2019-09-30", "reportedCurrency": "USD", "totalRevenue": "2696000", "totalOperatingExpense": "36845000", "costOfRevenue": "28519000", "grossProfit": "-25823000", "ebit": "-32871000", "netIncome": "-31738000", "researchAndDevelopment": "28519000", "effectOfAccountingCharges": "None", "incomeBeforeTax": "-31738000", "minorityInterest": "None", "sellingGeneralAdministrative": "8326000", "otherNonOperatingIncome": "None", "operatingIncome": "-34149000", "otherOperatingExpense": "None", "interestExpense": "None", "taxProvision": "None", "interestIncome": "None", "netInterestIncome": "None", "extraordinaryItems": "None", "nonRecurring": "None", "otherItems": "None", "incomeTaxExpense": "None", "totalOtherIncomeExpense": "2411000", "discontinuedOperations": "None", "netIncomeFromContinuingOperations": "-31738000", "netIncomeApplicableToCommonShares": "-31738000", "preferredStockAndOtherAdjustments": "None"}, {"fiscalDateEnding": "2019-06-30", "reportedCurrency": "USD", "totalRevenue": "6917000", "totalOperatingExpense": "34069000", "costOfRevenue": "25640000", "grossProfit": "-18723000", "ebit": "-26331000", "netIncome": "-24560000", "researchAndDevelopment": "25640000", "effectOfAccountingCharges": "None", "incomeBeforeTax": "-24560000", "minorityInterest": "None", "sellingGeneralAdministrative": "8429000", "otherNonOperatingIncome": "None", "operatingIncome": "-27152000", "otherOperatingExpense": "None", "interestExpense": "None", "taxProvision": "None", "interestIncome": "None", "netInterestIncome": "None", "extraordinaryItems": "None", "nonRecurring": "None", "otherItems": "None", "incomeTaxExpense": "None", "totalOtherIncomeExpense": "2592000", "discontinuedOperations": "None", "netIncomeFromContinuingOperations": "-24560000", "netIncomeApplicableToCommonShares": "-24560000", "preferredStockAndOtherAdjustments": "None"}, {"fiscalDateEnding": "2019-03-31", "reportedCurrency": "USD", "totalRevenue": "5605000", "totalOperatingExpense": "26366000", "costOfRevenue": "20607000", "grossProfit": "-15002000", "ebit": "-20463000", "netIncome": "-18560000", "researchAndDevelopment": "20607000", "effectOfAccountingCharges": "None", "incomeBeforeTax": "-18560000", "minorityInterest": "None", "sellingGeneralAdministrative": "5759000", "otherNonOperatingIncome": "None", "operatingIncome": "-20761000", "otherOperatingExpense": "None", "interestExpense": "None", "taxProvision": "None", "interestIncome": "None", "netInterestIncome": "None", "extraordinaryItems": "None", "nonRecurring": "None", "otherItems": "None", "incomeTaxExpense": "None", "totalOtherIncomeExpense": "2201000", "discontinuedOperations": "None", "netIncomeFromContinuingOperations": "-18560000", "netIncomeApplicableToCommonShares": "-18560000", "preferredStockAndOtherAdjustments": "None"}, {"fiscalDateEnding": "2018-12-31", "reportedCurrency": "USD", "totalRevenue": "9145000", "totalOperatingExpense": "28162000", "costOfRevenue": "24097000", "grossProfit": "-14952000", "ebit": "-19017000", "netIncome": "-17373000", "researchAndDevelopment": "28519000", "effectOfAccountingCharges": "None", "incomeBeforeTax": "-17373000", "minorityInterest": "None", "sellingGeneralAdministrative": "4065000", "otherNonOperatingIncome": "None", "operatingIncome": "-19017000", "otherOperatingExpense": "None", "interestExpense": "None", "taxProvision": "None", "interestIncome": "None", "netInterestIncome": "None", "extraordinaryItems": "None", "nonRecurring": "None", "otherItems": "None", "incomeTaxExpense": "0", "totalOtherIncomeExpense": "1644000", "discontinuedOperations": "None", "netIncomeFromContinuingOperations": "-17373000", "netIncomeApplicableToCommonShares": "-17373000", "preferredStockAndOtherAdjustments": "None"}, {"fiscalDateEnding": "2018-09-30", "reportedCurrency": "USD", "totalRevenue": "6503000", "totalOperatingExpense": "23318000", "costOfRevenue": "20392000", "grossProfit": "-13889000", "ebit": "-16815000", "netIncome": "-15317000", "researchAndDevelopment": "25640000", "effectOfAccountingCharges": "None", "incomeBeforeTax": "-15317000", "minorityInterest": "None", "sellingGeneralAdministrative": "2926000", "otherNonOperatingIncome": "None", "operatingIncome": "-16815000", "otherOperatingExpense": "None", "interestExpense": "None", "taxProvision": "None", "interestIncome": "None", "netInterestIncome": "None", "extraordinaryItems": "None", "nonRecurring": "None", "otherItems": "None", "incomeTaxExpense": "0", "totalOtherIncomeExpense": "1498000", "discontinuedOperations": "None", "netIncomeFromContinuingOperations": "-15317000", "netIncomeApplicableToCommonShares": "-15317000", "preferredStockAndOtherAdjustments": "None"}, {"fiscalDateEnding": "2018-06-30", "reportedCurrency": "USD", "totalRevenue": "6014500", "totalOperatingExpense": "16742500", "costOfRevenue": "14271000", "grossProfit": "-8256500", "ebit": "-10728000", "netIncome": "-9779000", "researchAndDevelopment": "None", "effectOfAccountingCharges": "None", "incomeBeforeTax": "-9779000", "minorityInterest": "None", "sellingGeneralAdministrative": "2471500", "otherNonOperatingIncome": "None", "operatingIncome": "-10728000", "otherOperatingExpense": "None", "interestExpense": "None", "taxProvision": "None", "interestIncome": "None", "netInterestIncome": "None", "extraordinaryItems": "None", "nonRecurring": "None", "otherItems": "None", "incomeTaxExpense": "0", "totalOtherIncomeExpense": "949000", "discontinuedOperations": "None", "netIncomeFromContinuingOperations": "-9779000", "netIncomeApplicableToCommonShares": "-9779000", "preferredStockAndOtherAdjustments": "None"}, {"fiscalDateEnding": "2018-03-31", "reportedCurrency": "USD", "totalRevenue": "4920000", "totalOperatingExpense": "14145000", "costOfRevenue": "11724000", "grossProfit": "-6804000", "ebit": "-9225000", "netIncome": "-8437000", "researchAndDevelopment": "None", "effectOfAccountingCharges": "None", "incomeBeforeTax": "-8437000", "minorityInterest": "None", "sellingGeneralAdministrative": "2421000", "otherNonOperatingIncome": "None", "operatingIncome": "-9225000", "otherOperatingExpense": "None", "interestExpense": "None", "taxProvision": "None", "interestIncome": "None", "netInterestIncome": "None", "extraordinaryItems": "None", "nonRecurring": "None", "otherItems": "None", "incomeTaxExpense": "0", "totalOtherIncomeExpense": "788000", "discontinuedOperations": "None", "netIncomeFromContinuingOperations": "-8437000", "netIncomeApplicableToCommonShares": "-8437000", "preferredStockAndOtherAdjustments": "None"}, {"fiscalDateEnding": "2017-12-31", "reportedCurrency": "USD", "totalRevenue": "3735000", "totalOperatingExpense": "12866000", "costOfRevenue": "35734000", "grossProfit": "-7779000", "ebit": "-9807000", "netIncome": "-9778000", "researchAndDevelopment": "29911000", "effectOfAccountingCharges": "None", "incomeBeforeTax": "-9778000", "minorityInterest": "None", "sellingGeneralAdministrative": "2028000", "otherNonOperatingIncome": "None", "operatingIncome": "-9807000", "otherOperatingExpense": "None", "interestExpense": "None", "taxProvision": "None", "interestIncome": "None", "netInterestIncome": "None", "extraordinaryItems": "None", "nonRecurring": "None", "otherItems": "None", "incomeTaxExpense": "0", "totalOtherIncomeExpense": "29000", "discontinuedOperations": "None", "netIncomeFromContinuingOperations": "-9778000", "netIncomeApplicableToCommonShares": "-9778000", "preferredStockAndOtherAdjustments": "None"}, {"fiscalDateEnding": "2017-09-30", "reportedCurrency": "USD", "totalRevenue": "None", "totalOperatingExpense": "None", "costOfRevenue": "None", "grossProfit": "None", "ebit": "None", "netIncome": "None", "researchAndDevelopment": "None", "effectOfAccountingCharges": "None", "incomeBeforeTax": "None", "minorityInterest": "None", "sellingGeneralAdministrative": "None", "otherNonOperatingIncome": "None", "operatingIncome": "None", "otherOperatingExpense": "None", "interestExpense": "None", "taxProvision": "None", "interestIncome": "None", "netInterestIncome": "None", "extraordinaryItems": "None", "nonRecurring": "None", "otherItems": "None", "incomeTaxExpense": "None", "totalOtherIncomeExpense": "None", "discontinuedOperations": "None", "netIncomeFromContinuingOperations": "None", "netIncomeApplicableToCommonShares": "None", "preferredStockAndOtherAdjustments": "None"}, {"fiscalDateEnding": "2017-06-30", "reportedCurrency": "USD", "totalRevenue": "None", "totalOperatingExpense": "None", "costOfRevenue": "None", "grossProfit": "None", "ebit": "None", "netIncome": "None", "researchAndDevelopment": "None", "effectOfAccountingCharges": "None", "incomeBeforeTax": "None", "minorityInterest": "None", "sellingGeneralAdministrative": "None", "otherNonOperatingIncome": "None", "operatingIncome": "None", "otherOperatingExpense": "None", "interestExpense": "None", "taxProvision": "None", "interestIncome": "None", "netInterestIncome": "None", "extraordinaryItems": "None", "nonRecurring": "None", "otherItems": "None", "incomeTaxExpense": "None", "totalOtherIncomeExpense": "None", "discontinuedOperations": "None", "netIncomeFromContinuingOperations": "None", "netIncomeApplicableToCommonShares": "None", "preferredStockAndOtherAdjustments": "None"}, {"fiscalDateEnding": "2017-03-31", "reportedCurrency": "USD", "totalRevenue": "None", "totalOperatingExpense": "None", "costOfRevenue": "None", "grossProfit": "None", "ebit": "None", "netIncome": "None", "researchAndDevelopment": "None", "effectOfAccountingCharges": "None", "incomeBeforeTax": "None", "minorityInterest": "None", "sellingGeneralAdministrative": "None", "otherNonOperatingIncome": "None", "operatingIncome": "None", "otherOperatingExpense": "None", "interestExpense": "None", "taxProvision": "None", "interestIncome": "None", "netInterestIncome": "None", "extraordinaryItems": "None", "nonRecurring": "None", "otherItems": "None", "incomeTaxExpense": "None", "totalOtherIncomeExpense": "None", "discontinuedOperations": "None", "netIncomeFromContinuingOperations": "None", "netIncomeApplicableToCommonShares": "None", "preferredStockAndOtherAdjustments": "None"}, {"fiscalDateEnding": "2016-12-31", "reportedCurrency": "USD", "totalRevenue": "416000", "totalOperatingExpense": "None", "costOfRevenue": "15347000", "grossProfit": "None", "ebit": "None", "netIncome": "None", "researchAndDevelopment": "13674000", "effectOfAccountingCharges": "None", "incomeBeforeTax": "None", "minorityInterest": "None", "sellingGeneralAdministrative": "None", "otherNonOperatingIncome": "None", "operatingIncome": "None", "otherOperatingExpense": "None", "interestExpense": "None", "taxProvision": "None", "interestIncome": "None", "netInterestIncome": "None", "extraordinaryItems": "None", "nonRecurring": "None", "otherItems": "None", "incomeTaxExpense": "None", "totalOtherIncomeExpense": "None", "discontinuedOperations": "None", "netIncomeFromContinuingOperations": "None", "netIncomeApplicableToCommonShares": "None", "preferredStockAndOtherAdjustments": "None"}, {"fiscalDateEnding": "2016-09-30", "reportedCurrency": "USD", "totalRevenue": "None", "totalOperatingExpense": "None", "costOfRevenue": "None", "grossProfit": "None", "ebit": "None", "netIncome": "None", "researchAndDevelopment": "None", "effectOfAccountingCharges": "None", "incomeBeforeTax": "None", "minorityInterest": "None", "sellingGeneralAdministrative": "None", "otherNonOperatingIncome": "None", "operatingIncome": "None", "otherOperatingExpense": "None", "interestExpense": "None", "taxProvision": "None", "interestIncome": "None", "netInterestIncome": "None", "extraordinaryItems": "None", "nonRecurring": "None", "otherItems": "None", "incomeTaxExpense": "None", "totalOtherIncomeExpense": "None", "discontinuedOperations": "None", "netIncomeFromContinuingOperations": "None", "netIncomeApplicableToCommonShares": "None", "preferredStockAndOtherAdjustments": "None"}, {"fiscalDateEnding": "2016-06-30", "reportedCurrency": "USD", "totalRevenue": "None", "totalOperatingExpense": "None", "costOfRevenue": "None", "grossProfit": "None", "ebit": "None", "netIncome": "None", "researchAndDevelopment": "None", "effectOfAccountingCharges": "None", "incomeBeforeTax": "None", "minorityInterest": "None", "sellingGeneralAdministrative": "None", "otherNonOperatingIncome": "None", "operatingIncome": "None", "otherOperatingExpense": "None", "interestExpense": "None", "taxProvision": "None", "interestIncome": "None", "netInterestIncome": "None", "extraordinaryItems": "None", "nonRecurring": "None", "otherItems": "None", "incomeTaxExpense": "None", "totalOtherIncomeExpense": "None", "discontinuedOperations": "None", "netIncomeFromContinuingOperations": "None", "netIncomeApplicableToCommonShares": "None", "preferredStockAndOtherAdjustments": "None"}, {"fiscalDateEnding": "2016-03-31", "reportedCurrency": "USD", "totalRevenue": "None", "totalOperatingExpense": "None", "costOfRevenue": "None", "grossProfit": "None", "ebit": "None", "netIncome": "None", "researchAndDevelopment": "None", "effectOfAccountingCharges": "None", "incomeBeforeTax": "None", "minorityInterest": "None", "sellingGeneralAdministrative": "None", "otherNonOperatingIncome": "None", "operatingIncome": "None", "otherOperatingExpense": "None", "interestExpense": "None", "taxProvision": "None", "interestIncome": "None", "netInterestIncome": "None", "extraordinaryItems": "None", "nonRecurring": "None", "otherItems": "None", "incomeTaxExpense": "None", "totalOtherIncomeExpense": "None", "discontinuedOperations": "None", "netIncomeFromContinuingOperations": "None", "netIncomeApplicableToCommonShares": "None", "preferredStockAndOtherAdjustments": "None"}]}